time,price,quantity,source,buyer,seller,initiator
20190304T153000,104.92,100,Auto trade,,,
20190304T153000,104.93,100,Auto trade,,,
20190304T153000,104.95,300,Auto trade,,,
20190304T153003,104.85,153119,Auto trade,,,
20190304T153003,104.93,100,Auto trade,,,
20190304T153003,104.9,100,Auto trade,,,
20190304T153003,104.91,100,Auto trade,,,
20190304T153003,104.89,100,Auto trade,,,
20190304T153004,104.95,100,Auto trade,,,
20190304T153004,104.97,200,Auto trade,,,
20190304T153004,104.98,100,Auto trade,,,
20190304T153004,105.0,188,Auto trade,,,
20190304T153004,104.99,100,Auto trade,,,
20190304T153006,104.99,100,Auto trade,,,
20190304T153006,105.01,100,Auto trade,,,
20190304T153006,105.0,200,Auto trade,,,
20190304T153008,105.01,100,Auto trade,,,
20190304T153008,104.98,100,Auto trade,,,
20190304T153008,104.96,100,Auto trade,,,
20190304T153009,105.02,2060,Auto trade,,,
20190304T153010,104.8,144,Auto trade,,,
20190304T153011,104.95,100,Auto trade,,,
20190304T153011,104.96,100,Auto trade,,,
20190304T153011,104.95,100,Auto trade,,,
20190304T153011,104.96,100,Auto trade,,,
20190304T153011,104.94,100,Auto trade,,,
20190304T153011,104.93,100,Auto trade,,,
20190304T153011,104.96,100,Auto trade,,,
20190304T153011,104.93,100,Auto trade,,,
20190304T153011,104.94,100,Auto trade,,,
20190304T153011,104.93,100,Auto trade,,,
20190304T153012,104.98,100,Auto trade,,,
20190304T153012,104.93,100,Auto trade,,,
20190304T153013,104.96,100,Auto trade,,,
20190304T153013,104.97,100,Auto trade,,,
20190304T153015,104.95,200,Auto trade,,,
20190304T153016,104.96,105,Auto trade,,,
20190304T153018,104.95,100,Auto trade,,,
20190304T153018,104.96,100,Auto trade,,,
20190304T153018,104.95,200,Auto trade,,,
20190304T153019,104.96,100,Auto trade,,,
20190304T153020,104.96,100,Auto trade,,,
20190304T153023,104.97,290,Auto trade,,,
20190304T153023,104.98,100,Auto trade,,,
20190304T153023,104.97,100,Auto trade,,,
20190304T153023,104.99,106,Auto trade,,,
20190304T153023,104.97,100,Auto trade,,,
20190304T153023,104.99,100,Auto trade,,,
20190304T153023,104.98,100,Auto trade,,,
20190304T153023,104.97,100,Auto trade,,,
20190304T153025,105.0,100,Auto trade,,,
20190304T153025,104.99,200,Auto trade,,,
20190304T153026,105.0,115,Auto trade,,,
20190304T153028,105.02,500,Auto trade,,,
20190304T153030,105.035,100,Auto trade,,,
20190304T153031,105.05,500,Auto trade,,,
20190304T153031,105.03,100,Auto trade,,,
20190304T153031,105.04,100,Auto trade,,,
20190304T153035,105.03,577,Auto trade,,,
20190304T153035,105.02,150,Auto trade,,,
20190304T153036,105.02,400,Auto trade,,,
20190304T153036,105.025,100,Auto trade,,,
20190304T153037,105.0094,2450,Auto trade,,,
20190304T153038,105.0,100,Auto trade,,,
20190304T153038,104.99,207,Auto trade,,,
20190304T153038,104.98,300,Auto trade,,,
20190304T153038,104.97,100,Auto trade,,,
20190304T153041,104.95,100,Auto trade,,,
20190304T153042,104.94,100,Auto trade,,,
20190304T153042,104.95,100,Auto trade,,,
20190304T153043,104.91,500,Auto trade,,,
20190304T153043,104.93,479,Auto trade,,,
20190304T153044,104.9353,1849,Auto trade,,,
20190304T153044,104.93,177,Auto trade,,,
20190304T153045,104.92,200,Auto trade,,,
20190304T153045,104.91,100,Auto trade,,,
20190304T153045,104.92,100,Auto trade,,,
20190304T153045,104.91,100,Auto trade,,,
20190304T153047,104.91,200,Auto trade,,,
20190304T153047,104.92,100,Auto trade,,,
20190304T153047,104.915,100,Auto trade,,,
20190304T153049,104.93,200,Auto trade,,,
20190304T153049,104.94,100,Auto trade,,,
20190304T153049,104.92,100,Auto trade,,,
20190304T153050,104.93,100,Auto trade,,,
20190304T153050,104.94,200,Auto trade,,,
20190304T153052,104.9287,1000,Auto trade,,,
20190304T153054,104.94,100,Auto trade,,,
20190304T153055,104.92,100,Auto trade,,,
20190304T153056,104.93,100,Auto trade,,,
20190304T153057,104.93,200,Auto trade,,,
20190304T153057,104.94,105,Auto trade,,,
20190304T153057,104.96,100,Auto trade,,,
20190304T153057,104.94,100,Auto trade,,,
20190304T153057,104.97,100,Auto trade,,,
20190304T153057,104.99,200,Auto trade,,,
20190304T153057,105.0,100,Auto trade,,,
20190304T153057,105.01,100,Auto trade,,,
20190304T153057,105.02,100,Auto trade,,,
20190304T153057,105.01,100,Auto trade,,,
20190304T153057,104.99,100,Auto trade,,,
20190304T153057,105.01,100,Auto trade,,,
20190304T153057,105.0,100,Auto trade,,,
20190304T153057,104.98,303,Auto trade,,,
20190304T153057,105.0,100,Auto trade,,,
20190304T153057,105.01,100,Auto trade,,,
20190304T153057,105.02,100,Auto trade,,,
20190304T153057,105.03,200,Auto trade,,,
20190304T153057,105.04,300,Auto trade,,,
20190304T153057,105.06,3401,Auto trade,,,
20190304T153057,105.05,200,Auto trade,,,
20190304T153059,105.0399,7000,Auto trade,,,
20190304T153059,105.01,267,Auto trade,,,
20190304T153059,105.02,100,Auto trade,,,
20190304T153100,105.02,300,Auto trade,,,
20190304T153100,105.04,100,Auto trade,,,
20190304T153100,105.05,200,Auto trade,,,
20190304T153100,105.04,100,Auto trade,,,
20190304T153100,105.05,130,Auto trade,,,
20190304T153100,105.02,200,Auto trade,,,
20190304T153100,105.05,100,Auto trade,,,
20190304T153100,105.03,100,Auto trade,,,
20190304T153100,105.02,100,Auto trade,,,
20190304T153100,105.01,100,Auto trade,,,
20190304T153100,105.02,100,Auto trade,,,
20190304T153100,105.03,100,Auto trade,,,
20190304T153101,105.0,1060,Auto trade,,,
20190304T153101,105.01,200,Auto trade,,,
20190304T153101,105.0,200,Auto trade,,,
20190304T153101,105.01,191,Auto trade,,,
20190304T153101,105.0,100,Auto trade,,,
20190304T153104,105.02,3000,Auto trade,,,
20190304T153106,105.04,300,Auto trade,,,
20190304T153106,105.06,100,Auto trade,,,
20190304T153107,105.06,169,Auto trade,,,
20190304T153107,105.07,156,Auto trade,,,
20190304T153107,105.08,150,Auto trade,,,
20190304T153108,105.06,100,Auto trade,,,
20190304T153108,105.05,100,Auto trade,,,
20190304T153108,105.06,100,Auto trade,,,
20190304T153108,105.04,100,Auto trade,,,
20190304T153109,105.05,100,Auto trade,,,
20190304T153110,105.04,100,Auto trade,,,
20190304T153112,105.053,575,Auto trade,,,
20190304T153113,105.0413,540,Auto trade,,,
20190304T153113,105.0482,1000,Auto trade,,,
20190304T153114,105.03,100,Auto trade,,,
20190304T153114,105.04,100,Auto trade,,,
20190304T153114,105.02,100,Auto trade,,,
20190304T153114,105.04,100,Auto trade,,,
20190304T153114,105.05,200,Auto trade,,,
20190304T153114,105.04,300,Auto trade,,,
20190304T153114,105.02,100,Auto trade,,,
20190304T153114,105.03,182,Auto trade,,,
20190304T153114,105.02,248,Auto trade,,,
20190304T153114,105.045,100,Auto trade,,,
20190304T153114,105.041,100,Auto trade,,,
20190304T153114,105.05,100,Auto trade,,,
20190304T153114,105.04,200,Auto trade,,,
20190304T153114,105.041,100,Auto trade,,,
20190304T153114,105.04,100,Auto trade,,,
20190304T153114,105.02,100,Auto trade,,,
20190304T153114,105.03,100,Auto trade,,,
20190304T153114,105.04,100,Auto trade,,,
20190304T153114,105.02,100,Auto trade,,,
20190304T153114,105.01,300,Auto trade,,,
20190304T153114,105.0,100,Auto trade,,,
20190304T153114,104.99,100,Auto trade,,,
20190304T153117,104.9885,200,Auto trade,,,
20190304T153118,104.99,200,Auto trade,,,
20190304T153119,105.0,100,Auto trade,,,
20190304T153119,105.01,105,Auto trade,,,
20190304T153119,105.03,100,Auto trade,,,
20190304T153120,105.03,490,Auto trade,,,
20190304T153120,105.04,100,Auto trade,,,
20190304T153120,105.05,100,Auto trade,,,
20190304T153121,105.02,100,Auto trade,,,
20190304T153122,105.0367,117,Auto trade,,,
20190304T153124,105.05,476,Auto trade,,,
20190304T153125,105.059,300,Auto trade,,,
20190304T153126,105.0442,100,Auto trade,,,
20190304T153127,105.08,100,Auto trade,,,
20190304T153130,105.06,200,Auto trade,,,
20190304T153131,105.06,200,Auto trade,,,
20190304T153131,105.05,100,Auto trade,,,
20190304T153131,105.065,200,Auto trade,,,
20190304T153131,105.05,117,Auto trade,,,
20190304T153132,105.05,100,Auto trade,,,
20190304T153132,105.04,100,Auto trade,,,
20190304T153132,105.06,100,Auto trade,,,
20190304T153133,105.06,100,Auto trade,,,
20190304T153133,105.05,200,Auto trade,,,
20190304T153133,105.06,100,Auto trade,,,
20190304T153134,105.04,400,Auto trade,,,
20190304T153134,105.06,100,Auto trade,,,
20190304T153134,105.08,100,Auto trade,,,
20190304T153134,105.06,100,Auto trade,,,
20190304T153134,105.08,100,Auto trade,,,
20190304T153134,105.09,300,Auto trade,,,
20190304T153134,105.08,400,Auto trade,,,
20190304T153135,105.06,100,Auto trade,,,
20190304T153135,105.07,200,Auto trade,,,
20190304T153136,105.04,100,Auto trade,,,
20190304T153136,105.03,200,Auto trade,,,
20190304T153138,105.03,482,Auto trade,,,
20190304T153139,105.03,200,Auto trade,,,
20190304T153140,105.03,200,Auto trade,,,
20190304T153142,105.05,100,Auto trade,,,
20190304T153146,105.02,100,Auto trade,,,
20190304T153148,105.035,200,Auto trade,,,
20190304T153148,105.03,347,Auto trade,,,
20190304T153149,105.0101,200,Auto trade,,,
20190304T153149,105.0116,100,Auto trade,,,
20190304T153150,105.01,100,Auto trade,,,
20190304T153152,105.01,100,Auto trade,,,
20190304T153152,105.0,100,Auto trade,,,
20190304T153152,105.025,100,Auto trade,,,
20190304T153153,105.0,300,Auto trade,,,
20190304T153154,105.0,300,Auto trade,,,
20190304T153154,104.99,200,Auto trade,,,
20190304T153154,104.98,100,Auto trade,,,
20190304T153155,104.98,214,Auto trade,,,
20190304T153155,104.97,100,Auto trade,,,
20190304T153155,104.9593,200,Auto trade,,,
20190304T153156,104.965,100,Auto trade,,,
20190304T153157,104.9601,300,Auto trade,,,
20190304T153200,105.0,300,Auto trade,,,
20190304T153201,105.0,100,Auto trade,,,
20190304T153201,104.9901,500,Auto trade,,,
20190304T153202,105.02,100,Auto trade,,,
20190304T153203,105.0013,850,Auto trade,,,
20190304T153204,105.02,100,Auto trade,,,
20190304T153205,105.01,100,Auto trade,,,
20190304T153206,105.0,100,Auto trade,,,
20190304T153206,104.99,100,Auto trade,,,
20190304T153206,104.98,200,Auto trade,,,
20190304T153206,104.99,100,Auto trade,,,
20190304T153206,104.98,100,Auto trade,,,
20190304T153206,104.97,100,Auto trade,,,
20190304T153207,104.97,100,Auto trade,,,
20190304T153208,104.975,500,Auto trade,,,
20190304T153210,104.9606,500,Auto trade,,,
20190304T153212,104.99,100,Auto trade,,,
20190304T153212,104.98,207,Auto trade,,,
20190304T153213,105.0,100,Auto trade,,,
20190304T153213,104.99,100,Auto trade,,,
20190304T153214,105.0,130,Auto trade,,,
20190304T153214,104.98,100,Auto trade,,,
20190304T153215,104.98,300,Auto trade,,,
20190304T153215,104.99,200,Auto trade,,,
20190304T153216,104.9736,700,Auto trade,,,
20190304T153216,105.01,100,Auto trade,,,
20190304T153217,104.992,2500,Auto trade,,,
20190304T153220,105.015,100,Auto trade,,,
20190304T153222,105.04,100,Auto trade,,,
20190304T153222,105.06,100,Auto trade,,,
20190304T153222,105.0699,100,Auto trade,,,
20190304T153222,105.07,200,Auto trade,,,
20190304T153222,105.06,1500,Auto trade,,,
20190304T153222,105.02,300,Auto trade,,,
20190304T153222,105.06,100,Auto trade,,,
20190304T153222,105.05,100,Auto trade,,,
20190304T153223,105.02,300,Auto trade,,,
20190304T153224,105.045,100,Auto trade,,,
20190304T153224,105.0527,158,Auto trade,,,
20190304T153226,105.05,100,Auto trade,,,
20190304T153227,105.05,200,Auto trade,,,
20190304T153231,105.062,500,Auto trade,,,
20190304T153231,105.065,500,Auto trade,,,
20190304T153231,105.08,100,Auto trade,,,
20190304T153232,105.1,100,Auto trade,,,
20190304T153233,105.11,100,Auto trade,,,
20190304T153234,105.082,200,Auto trade,,,
20190304T153234,105.0921,500,Auto trade,,,
20190304T153234,105.0801,500,Auto trade,,,
20190304T153234,105.0891,300,Auto trade,,,
20190304T153236,105.1191,100,Auto trade,,,
20190304T153236,105.14,100,Auto trade,,,
20190304T153237,105.14,100,Auto trade,,,
20190304T153238,105.14,100,Auto trade,,,
20190304T153240,105.1106,350,Auto trade,,,
20190304T153240,105.1,100,Auto trade,,,
20190304T153240,105.12,100,Auto trade,,,
20190304T153243,105.09,600,Auto trade,,,
20190304T153243,105.0927,200,Auto trade,,,
20190304T153243,105.1036,300,Auto trade,,,
20190304T153243,105.0962,600,Auto trade,,,
20190304T153243,105.09,100,Auto trade,,,
20190304T153243,105.11,100,Auto trade,,,
20190304T153248,105.11,500,Auto trade,,,
20190304T153249,105.11,200,Auto trade,,,
20190304T153249,105.09,100,Auto trade,,,
20190304T153249,105.0877,7000,Auto trade,,,
20190304T153249,105.09,100,Auto trade,,,
20190304T153249,105.089,100,Auto trade,,,
20190304T153250,105.07,300,Auto trade,,,
20190304T153251,105.075,100,Auto trade,,,
20190304T153251,105.072,1312,Auto trade,,,
20190304T153251,105.06,100,Auto trade,,,
20190304T153251,105.05,200,Auto trade,,,
20190304T153251,105.07,100,Auto trade,,,
20190304T153251,105.05,600,Auto trade,,,
20190304T153251,105.06,200,Auto trade,,,
20190304T153253,105.08,100,Auto trade,,,
20190304T153254,105.09,300,Auto trade,,,
20190304T153254,105.1,1200,Auto trade,,,
20190304T153256,105.11,800,Auto trade,,,
20190304T153256,105.12,100,Auto trade,,,
20190304T153257,105.0957,200,Auto trade,,,
20190304T153258,105.09,200,Auto trade,,,
20190304T153300,105.11,200,Auto trade,,,
20190304T153300,105.1,200,Auto trade,,,
20190304T153301,105.14,100,Auto trade,,,
20190304T153301,105.15,400,Auto trade,,,
20190304T153301,105.13,100,Auto trade,,,
20190304T153301,105.14,100,Auto trade,,,
20190304T153302,105.16,200,Auto trade,,,
20190304T153302,105.17,100,Auto trade,,,
20190304T153302,105.1454,500,Auto trade,,,
20190304T153305,105.14,150,Auto trade,,,
20190304T153305,105.15,100,Auto trade,,,
20190304T153306,105.14,150,Auto trade,,,
20190304T153306,105.13,276,Auto trade,,,
20190304T153306,105.14,100,Auto trade,,,
20190304T153309,105.12,300,Auto trade,,,
20190304T153309,105.14,100,Auto trade,,,
20190304T153309,105.13,100,Auto trade,,,
20190304T153309,105.12,100,Auto trade,,,
20190304T153310,105.12,100,Auto trade,,,
20190304T153310,105.11,200,Auto trade,,,
20190304T153311,105.12,100,Auto trade,,,
20190304T153311,105.11,100,Auto trade,,,
20190304T153312,105.11,400,Auto trade,,,
20190304T153312,105.1,100,Auto trade,,,
20190304T153312,105.09,100,Auto trade,,,
20190304T153312,105.1,100,Auto trade,,,
20190304T153312,105.09,100,Auto trade,,,
20190304T153312,105.08,600,Auto trade,,,
20190304T153314,105.07,100,Auto trade,,,
20190304T153315,105.065,100,Auto trade,,,
20190304T153317,105.06,200,Auto trade,,,
20190304T153320,105.0699,160,Auto trade,,,
20190304T153321,105.07,300,Auto trade,,,
20190304T153322,105.05,700,Auto trade,,,
20190304T153323,105.05,400,Auto trade,,,
20190304T153323,105.04,200,Auto trade,,,
20190304T153324,105.0527,500,Auto trade,,,
20190304T153324,105.0619,1000,Auto trade,,,
20190304T153325,105.07,185,Auto trade,,,
20190304T153326,105.07,100,Auto trade,,,
20190304T153326,105.08,100,Auto trade,,,
20190304T153327,105.09,200,Auto trade,,,
20190304T153327,105.11,500,Auto trade,,,
20190304T153327,105.08,100,Auto trade,,,
20190304T153327,105.115,168,Auto trade,,,
20190304T153328,105.13,100,Auto trade,,,
20190304T153330,105.13,100,Auto trade,,,
20190304T153332,105.13,400,Auto trade,,,
20190304T153332,105.11,200,Auto trade,,,
20190304T153332,105.12,100,Auto trade,,,
20190304T153332,105.11,100,Auto trade,,,
20190304T153332,105.12,100,Auto trade,,,
20190304T153332,105.11,100,Auto trade,,,
20190304T153332,105.13,100,Auto trade,,,
20190304T153332,105.14,100,Auto trade,,,
20190304T153332,105.13,100,Auto trade,,,
20190304T153333,105.1218,1000,Auto trade,,,
20190304T153334,105.12,100,Auto trade,,,
20190304T153334,105.11,486,Auto trade,,,
20190304T153334,105.12,100,Auto trade,,,
20190304T153334,105.13,100,Auto trade,,,
20190304T153336,105.13,200,Auto trade,,,
20190304T153337,105.12,700,Auto trade,,,
20190304T153337,105.13,100,Auto trade,,,
20190304T153337,105.14,100,Auto trade,,,
20190304T153337,105.13,200,Auto trade,,,
20190304T153338,105.13,200,Auto trade,,,
20190304T153338,105.1418,174,Auto trade,,,
20190304T153342,105.14,294,Auto trade,,,
20190304T153343,105.125,100,Auto trade,,,
20190304T153343,105.113,230,Auto trade,,,
20190304T153345,105.122,200,Auto trade,,,
20190304T153345,105.14,400,Auto trade,,,
20190304T153346,105.14,689,Auto trade,,,
20190304T153346,105.13,100,Auto trade,,,
20190304T153346,105.14,100,Auto trade,,,
20190304T153346,105.15,100,Auto trade,,,
20190304T153347,105.14,100,Auto trade,,,
20190304T153349,105.12,100,Auto trade,,,
20190304T153349,105.11,200,Auto trade,,,
20190304T153349,105.1,200,Auto trade,,,
20190304T153349,105.08,150,Auto trade,,,
20190304T153349,105.07,107,Auto trade,,,
20190304T153349,105.06,100,Auto trade,,,
20190304T153349,105.05,214,Auto trade,,,
20190304T153349,105.06,100,Auto trade,,,
20190304T153349,105.05,100,Auto trade,,,
20190304T153350,105.05,1883,Auto trade,,,
20190304T153351,105.04,100,Auto trade,,,
20190304T153351,105.03,200,Auto trade,,,
20190304T153351,105.04,200,Auto trade,,,
20190304T153351,105.045,100,Auto trade,,,
20190304T153351,105.04,400,Auto trade,,,
20190304T153352,105.0382,160,Auto trade,,,
20190304T153352,105.045,100,Auto trade,,,
20190304T153352,105.06,100,Auto trade,,,
20190304T153352,105.03,100,Auto trade,,,
20190304T153354,105.04,100,Auto trade,,,
20190304T153354,105.02,400,Auto trade,,,
20190304T153355,105.02,500,Auto trade,,,
20190304T153355,105.0,100,Auto trade,,,
20190304T153358,105.02,300,Auto trade,,,
20190304T153358,105.03,100,Auto trade,,,
20190304T153358,105.02,500,Auto trade,,,
20190304T153359,105.05,200,Auto trade,,,
20190304T153359,105.01,100,Auto trade,,,
20190304T153359,104.99,100,Auto trade,,,
20190304T153400,104.99,200,Auto trade,,,
20190304T153401,104.99,100,Auto trade,,,
20190304T153402,104.995,100,Auto trade,,,
20190304T153404,105.0,100,Auto trade,,,
20190304T153404,105.01,605,Auto trade,,,
20190304T153404,105.02,100,Auto trade,,,
20190304T153404,105.04,100,Auto trade,,,
20190304T153404,105.03,100,Auto trade,,,
20190304T153405,105.04,100,Auto trade,,,
20190304T153405,105.05,100,Auto trade,,,
20190304T153405,105.055,100,Auto trade,,,
20190304T153405,105.05,100,Auto trade,,,
20190304T153406,105.05,530,Auto trade,,,
20190304T153406,105.06,500,Auto trade,,,
20190304T153407,105.07,500,Auto trade,,,
20190304T153407,105.08,500,Auto trade,,,
20190304T153408,105.09,300,Auto trade,,,
20190304T153408,105.08,100,Auto trade,,,
20190304T153408,105.07,100,Auto trade,,,
20190304T153408,105.06,100,Auto trade,,,
20190304T153408,105.05,200,Auto trade,,,
20190304T153408,105.08,300,Auto trade,,,
20190304T153410,105.11,100,Auto trade,,,
20190304T153411,105.13,100,Auto trade,,,
20190304T153411,105.12,100,Auto trade,,,
20190304T153412,105.12,400,Auto trade,,,
20190304T153412,105.08,200,Auto trade,,,
20190304T153412,105.09,200,Auto trade,,,
20190304T153413,105.08,100,Auto trade,,,
20190304T153413,105.1,100,Auto trade,,,
20190304T153415,105.09,200,Auto trade,,,
20190304T153415,105.0748,100,Auto trade,,,
20190304T153419,105.07,100,Auto trade,,,
20190304T153419,105.08,200,Auto trade,,,
20190304T153419,105.06,100,Auto trade,,,
20190304T153419,105.07,100,Auto trade,,,
20190304T153419,105.08,200,Auto trade,,,
20190304T153421,105.052,190,Auto trade,,,
20190304T153421,105.06,100,Auto trade,,,
20190304T153421,105.07,100,Auto trade,,,
20190304T153421,105.08,100,Auto trade,,,
20190304T153426,105.08,100,Auto trade,,,
20190304T153426,105.06,200,Auto trade,,,
20190304T153428,105.04,100,Auto trade,,,
20190304T153428,105.05,100,Auto trade,,,
20190304T153430,105.02,200,Auto trade,,,
20190304T153430,105.03,100,Auto trade,,,
20190304T153430,105.0,731,Auto trade,,,
20190304T153431,105.03,100,Auto trade,,,
20190304T153433,105.04,100,Auto trade,,,
20190304T153433,105.03,100,Auto trade,,,
20190304T153433,105.05,200,Auto trade,,,
20190304T153433,105.03,200,Auto trade,,,
20190304T153433,105.05,100,Auto trade,,,
20190304T153433,105.03,100,Auto trade,,,
20190304T153433,105.05,100,Auto trade,,,
20190304T153434,105.02,100,Auto trade,,,
20190304T153434,105.0198,900,Auto trade,,,
20190304T153435,105.04,100,Auto trade,,,
20190304T153435,105.05,100,Auto trade,,,
20190304T153435,105.04,100,Auto trade,,,
20190304T153437,105.055,115,Auto trade,,,
20190304T153440,105.055,100,Auto trade,,,
20190304T153440,105.07,100,Auto trade,,,
20190304T153441,105.085,2500,Auto trade,,,
20190304T153441,105.1,100,Auto trade,,,
20190304T153441,105.085,100,Auto trade,,,
20190304T153442,105.085,200,Auto trade,,,
20190304T153443,105.1,1245,Auto trade,,,
20190304T153443,105.095,200,Auto trade,,,
20190304T153444,105.11,100,Auto trade,,,
20190304T153446,105.13,100,Auto trade,,,
20190304T153446,105.14,100,Auto trade,,,
20190304T153446,105.12,400,Auto trade,,,
20190304T153446,105.14,500,Auto trade,,,
20190304T153446,105.15,100,Auto trade,,,
20190304T153446,105.14,317,Auto trade,,,
20190304T153446,105.13,100,Auto trade,,,
20190304T153446,105.14,100,Auto trade,,,
20190304T153447,105.12,100,Auto trade,,,
20190304T153448,105.1185,466,Auto trade,,,
20190304T153449,105.13,300,Auto trade,,,
20190304T153450,105.13,800,Auto trade,,,
20190304T153450,105.14,300,Auto trade,,,
20190304T153450,105.12,100,Auto trade,,,
20190304T153450,105.14,100,Auto trade,,,
20190304T153450,105.13,100,Auto trade,,,
20190304T153450,105.125,200,Auto trade,,,
20190304T153450,105.14,100,Auto trade,,,
20190304T153450,105.13,100,Auto trade,,,
20190304T153450,105.14,100,Auto trade,,,
20190304T153451,105.15,100,Auto trade,,,
20190304T153451,105.135,100,Auto trade,,,
20190304T153454,105.15,472,Auto trade,,,
20190304T153454,105.14,190,Auto trade,,,
20190304T153454,105.15,100,Auto trade,,,
20190304T153455,105.15,330,Auto trade,,,
20190304T153455,105.16,100,Auto trade,,,
20190304T153455,105.15,100,Auto trade,,,
20190304T153455,105.16,100,Auto trade,,,
20190304T153456,105.16,100,Auto trade,,,
20190304T153456,105.17,100,Auto trade,,,
20190304T153457,105.175,100,Auto trade,,,
20190304T153458,105.16,300,Auto trade,,,
20190304T153458,105.165,100,Auto trade,,,
20190304T153458,105.17,100,Auto trade,,,
20190304T153459,105.17,100,Auto trade,,,
20190304T153459,105.16,100,Auto trade,,,
20190304T153459,105.17,100,Auto trade,,,
20190304T153459,105.165,102,Auto trade,,,
20190304T153459,105.18,100,Auto trade,,,
20190304T153500,105.18,101,Auto trade,,,
20190304T153503,105.18,100,Auto trade,,,
20190304T153503,105.17,100,Auto trade,,,
20190304T153505,105.17,100,Auto trade,,,
20190304T153507,105.17,300,Auto trade,,,
20190304T153507,105.165,100,Auto trade,,,
20190304T153507,105.17,100,Auto trade,,,
20190304T153508,105.165,100,Auto trade,,,
20190304T153508,105.16,200,Auto trade,,,
20190304T153509,105.15,200,Auto trade,,,
20190304T153511,105.16,100,Auto trade,,,
20190304T153511,105.145,100,Auto trade,,,
20190304T153511,105.16,100,Auto trade,,,
20190304T153514,105.17,120,Auto trade,,,
20190304T153516,105.15,100,Auto trade,,,
20190304T153516,105.145,100,Auto trade,,,
20190304T153517,105.15,100,Auto trade,,,
20190304T153517,105.155,100,Auto trade,,,
20190304T153517,105.17,100,Auto trade,,,
20190304T153518,105.18,100,Auto trade,,,
20190304T153518,105.19,425,Auto trade,,,
20190304T153518,105.2,100,Auto trade,,,
20190304T153518,105.23,500,Auto trade,,,
20190304T153519,105.23,400,Auto trade,,,
20190304T153520,105.19,100,Auto trade,,,
20190304T153520,105.17,100,Auto trade,,,
20190304T153520,105.18,100,Auto trade,,,
20190304T153521,105.19,100,Auto trade,,,
20190304T153522,105.2,100,Auto trade,,,
20190304T153522,105.185,100,Auto trade,,,
20190304T153523,105.21,200,Auto trade,,,
20190304T153523,105.185,100,Auto trade,,,
20190304T153523,105.21,100,Auto trade,,,
20190304T153523,105.19,100,Auto trade,,,
20190304T153523,105.21,100,Auto trade,,,
20190304T153524,105.19,100,Auto trade,,,
20190304T153525,105.2,100,Auto trade,,,
20190304T153525,105.2056,1000,Auto trade,,,
20190304T153526,105.21,100,Auto trade,,,
20190304T153526,105.22,100,Auto trade,,,
20190304T153526,105.225,100,Auto trade,,,
20190304T153526,105.22,100,Auto trade,,,
20190304T153527,105.24,176,Auto trade,,,
20190304T153529,105.2,100,Auto trade,,,
20190304T153529,105.21,100,Auto trade,,,
20190304T153530,105.2,100,Auto trade,,,
20190304T153531,105.18,100,Auto trade,,,
20190304T153531,105.19,100,Auto trade,,,
20190304T153531,105.18,100,Auto trade,,,
20190304T153531,105.2,100,Auto trade,,,
20190304T153531,105.19,100,Auto trade,,,
20190304T153531,105.22,179,Auto trade,,,
20190304T153533,105.19,100,Auto trade,,,
20190304T153533,105.1819,1000,Auto trade,,,
20190304T153534,105.19,100,Auto trade,,,
20190304T153534,105.185,100,Auto trade,,,
20190304T153534,105.18,100,Auto trade,,,
20190304T153534,105.185,200,Auto trade,,,
20190304T153534,105.18,600,Auto trade,,,
20190304T153534,105.19,100,Auto trade,,,
20190304T153535,105.185,200,Auto trade,,,
20190304T153535,105.19,100,Auto trade,,,
20190304T153535,105.2,700,Auto trade,,,
20190304T153535,105.185,200,Auto trade,,,
20190304T153535,105.1875,100,Auto trade,,,
20190304T153535,105.205,100,Auto trade,,,
20190304T153535,105.2072,100,Auto trade,,,
20190304T153535,105.205,100,Auto trade,,,
20190304T153535,105.2072,300,Auto trade,,,
20190304T153535,105.205,300,Auto trade,,,
20190304T153535,105.2072,100,Auto trade,,,
20190304T153535,105.205,200,Auto trade,,,
20190304T153535,105.2072,300,Auto trade,,,
20190304T153535,105.21,100,Auto trade,,,
20190304T153535,105.23,500,Auto trade,,,
20190304T153535,105.22,100,Auto trade,,,
20190304T153535,105.21,100,Auto trade,,,
20190304T153535,105.2144,100,Auto trade,,,
20190304T153535,105.21,152,Auto trade,,,
20190304T153535,105.2144,100,Auto trade,,,
20190304T153535,105.21,100,Auto trade,,,
20190304T153535,105.2144,100,Auto trade,,,
20190304T153535,105.2,193,Auto trade,,,
20190304T153535,105.2044,193,Auto trade,,,
20190304T153536,105.23,100,Auto trade,,,
20190304T153537,105.23,300,Auto trade,,,
20190304T153537,105.215,100,Auto trade,,,
20190304T153537,105.22,100,Auto trade,,,
20190304T153537,105.21,100,Auto trade,,,
20190304T153537,105.22,100,Auto trade,,,
20190304T153537,105.215,100,Auto trade,,,
20190304T153538,105.21,125,Auto trade,,,
20190304T153541,105.23,100,Auto trade,,,
20190304T153541,105.22,200,Auto trade,,,
20190304T153542,105.22,100,Auto trade,,,
20190304T153545,105.22,100,Auto trade,,,
20190304T153546,105.2226,2500,Auto trade,,,
20190304T153546,105.23,500,Auto trade,,,
20190304T153546,105.24,200,Auto trade,,,
20190304T153546,105.25,300,Auto trade,,,
20190304T153546,105.26,2000,Auto trade,,,
20190304T153547,105.255,100,Auto trade,,,
20190304T153548,105.255,400,Auto trade,,,
20190304T153548,105.2506,1000,Auto trade,,,
20190304T153548,105.26,100,Auto trade,,,
20190304T153548,105.255,144,Auto trade,,,
20190304T153548,105.26,100,Auto trade,,,
20190304T153548,105.27,100,Auto trade,,,
20190304T153548,105.255,100,Auto trade,,,
20190304T153548,105.26,200,Auto trade,,,
20190304T153548,105.255,100,Auto trade,,,
20190304T153548,105.25,100,Auto trade,,,
20190304T153548,105.26,100,Auto trade,,,
20190304T153549,105.26,100,Auto trade,,,
20190304T153550,105.26,356,Auto trade,,,
20190304T153550,105.27,100,Auto trade,,,
20190304T153550,105.26,200,Auto trade,,,
20190304T153550,105.25,100,Auto trade,,,
20190304T153551,105.25,2269,Auto trade,,,
20190304T153551,105.2466,225,Auto trade,,,
20190304T153551,105.245,100,Auto trade,,,
20190304T153552,105.25,300,Auto trade,,,
20190304T153552,105.245,100,Auto trade,,,
20190304T153552,105.24,100,Auto trade,,,
20190304T153552,105.22,100,Auto trade,,,
20190304T153553,105.21,110,Auto trade,,,
20190304T153553,105.215,107,Auto trade,,,
20190304T153554,105.215,100,Auto trade,,,
20190304T153555,105.21,100,Auto trade,,,
20190304T153555,105.215,200,Auto trade,,,
20190304T153555,105.21,200,Auto trade,,,
20190304T153556,105.2,100,Auto trade,,,
20190304T153556,105.2034,106,Auto trade,,,
20190304T153557,105.21,100,Auto trade,,,
20190304T153558,105.21,100,Auto trade,,,
20190304T153600,105.22,100,Auto trade,,,
20190304T153600,105.21,100,Auto trade,,,
20190304T153600,105.22,100,Auto trade,,,
20190304T153600,105.21,100,Auto trade,,,
20190304T153600,105.215,100,Auto trade,,,
20190304T153601,105.21,100,Auto trade,,,
20190304T153602,105.21,400,Auto trade,,,
20190304T153602,105.2199,500,Auto trade,,,
20190304T153604,105.18,100,Auto trade,,,
20190304T153604,105.185,100,Auto trade,,,
20190304T153605,105.19,100,Auto trade,,,
20190304T153605,105.185,100,Auto trade,,,
20190304T153606,105.19,100,Auto trade,,,
20190304T153606,105.185,100,Auto trade,,,
20190304T153606,105.19,100,Auto trade,,,
20190304T153606,105.18,100,Auto trade,,,
20190304T153606,105.185,100,Auto trade,,,
20190304T153606,105.17,240,Auto trade,,,
20190304T153606,105.18,273,Auto trade,,,
20190304T153606,105.185,100,Auto trade,,,
20190304T153606,105.18,100,Auto trade,,,
20190304T153606,105.185,100,Auto trade,,,
20190304T153606,105.19,100,Auto trade,,,
20190304T153606,105.17,100,Auto trade,,,
20190304T153607,105.17,100,Auto trade,,,
20190304T153607,105.18,100,Auto trade,,,
20190304T153607,105.17,100,Auto trade,,,
20190304T153609,105.175,400,Auto trade,,,
20190304T153609,105.18,400,Auto trade,,,
20190304T153609,105.175,100,Auto trade,,,
20190304T153609,105.18,100,Auto trade,,,
20190304T153609,105.16,500,Auto trade,,,
20190304T153609,105.15,200,Auto trade,,,
20190304T153609,105.16,200,Auto trade,,,
20190304T153610,105.16,500,Auto trade,,,
20190304T153610,105.15,100,Auto trade,,,
20190304T153610,105.14,300,Auto trade,,,
20190304T153610,105.15,100,Auto trade,,,
20190304T153610,105.14,100,Auto trade,,,
20190304T153610,105.15,100,Auto trade,,,
20190304T153611,105.14,100,Auto trade,,,
20190304T153611,105.16,200,Auto trade,,,
20190304T153613,105.15,200,Auto trade,,,
20190304T153613,105.18,200,Auto trade,,,
20190304T153614,105.185,400,Auto trade,,,
20190304T153614,105.19,200,Auto trade,,,
20190304T153617,105.19,100,Auto trade,,,
20190304T153621,105.2,100,Auto trade,,,
20190304T153621,105.21,100,Auto trade,,,
20190304T153623,105.21,400,Auto trade,,,
20190304T153623,105.2,100,Auto trade,,,
20190304T153625,105.2,800,Auto trade,,,
20190304T153625,105.19,100,Auto trade,,,
20190304T153626,105.1854,500,Auto trade,,,
20190304T153627,105.18,100,Auto trade,,,
20190304T153627,105.17,100,Auto trade,,,
20190304T153627,105.175,100,Auto trade,,,
20190304T153627,105.17,100,Auto trade,,,
20190304T153627,105.16,100,Auto trade,,,
20190304T153629,105.15,100,Auto trade,,,
20190304T153629,105.16,100,Auto trade,,,
20190304T153629,105.17,100,Auto trade,,,
20190304T153629,105.16,100,Auto trade,,,
20190304T153629,105.17,200,Auto trade,,,
20190304T153629,105.16,200,Auto trade,,,
20190304T153629,105.17,100,Auto trade,,,
20190304T153629,105.15,400,Auto trade,,,
20190304T153629,105.16,200,Auto trade,,,
20190304T153629,105.18,100,Auto trade,,,
20190304T153629,105.19,100,Auto trade,,,
20190304T153629,105.18,400,Auto trade,,,
20190304T153629,105.19,500,Auto trade,,,
20190304T153629,105.18,100,Auto trade,,,
20190304T153629,105.19,200,Auto trade,,,
20190304T153629,105.18,100,Auto trade,,,
20190304T153629,105.19,100,Auto trade,,,
20190304T153629,105.18,100,Auto trade,,,
20190304T153630,105.19,200,Auto trade,,,
20190304T153630,105.2,100,Auto trade,,,
20190304T153630,105.21,400,Auto trade,,,
20190304T153630,105.2,100,Auto trade,,,
20190304T153630,105.21,100,Auto trade,,,
20190304T153630,105.19,100,Auto trade,,,
20190304T153630,105.2,139,Auto trade,,,
20190304T153631,105.22,100,Auto trade,,,
20190304T153632,105.21,118,Auto trade,,,
20190304T153632,105.22,111,Auto trade,,,
20190304T153632,105.21,100,Auto trade,,,
20190304T153632,105.215,200,Auto trade,,,
20190304T153632,105.21,100,Auto trade,,,
20190304T153633,105.22,100,Auto trade,,,
20190304T153634,105.22,200,Auto trade,,,
20190304T153634,105.23,100,Auto trade,,,
20190304T153635,105.24,100,Auto trade,,,
20190304T153636,105.23,274,Auto trade,,,
20190304T153637,105.22,100,Auto trade,,,
20190304T153637,105.21,100,Auto trade,,,
20190304T153637,105.2,100,Auto trade,,,
20190304T153637,105.21,100,Auto trade,,,
20190304T153638,105.19,156,Auto trade,,,
20190304T153638,105.18,100,Auto trade,,,
20190304T153639,105.1785,218,Auto trade,,,
20190304T153642,105.15,102,Auto trade,,,
20190304T153642,105.16,100,Auto trade,,,
20190304T153642,105.15,100,Auto trade,,,
20190304T153642,105.16,500,Auto trade,,,
20190304T153643,105.1531,100,Auto trade,,,
20190304T153643,105.155,200,Auto trade,,,
20190304T153644,105.155,100,Auto trade,,,
20190304T153645,105.14,100,Auto trade,,,
20190304T153645,105.1472,100,Auto trade,,,
20190304T153645,105.14,170,Auto trade,,,
20190304T153645,105.1472,100,Auto trade,,,
20190304T153645,105.15,100,Auto trade,,,
20190304T153646,105.13,500,Auto trade,,,
20190304T153650,105.13,100,Auto trade,,,
20190304T153651,105.105,100,Auto trade,,,
20190304T153652,105.09,100,Auto trade,,,
20190304T153653,105.08,2000,Auto trade,,,
20190304T153654,105.1,100,Auto trade,,,
20190304T153655,105.11,100,Auto trade,,,
20190304T153655,105.12,100,Auto trade,,,
20190304T153655,105.13,653,Auto trade,,,
20190304T153656,105.1307,1000,Auto trade,,,
20190304T153700,105.13,100,Auto trade,,,
20190304T153700,105.12,200,Auto trade,,,
20190304T153701,105.12,400,Auto trade,,,
20190304T153702,105.12,400,Auto trade,,,
20190304T153702,105.14,100,Auto trade,,,
20190304T153702,105.13,200,Auto trade,,,
20190304T153703,105.1382,400,Auto trade,,,
20190304T153703,105.13,100,Auto trade,,,
20190304T153703,105.12,300,Auto trade,,,
20190304T153703,105.13,100,Auto trade,,,
20190304T153704,105.125,100,Auto trade,,,
20190304T153704,105.13,100,Auto trade,,,
20190304T153704,105.125,100,Auto trade,,,
20190304T153704,105.13,100,Auto trade,,,
20190304T153705,105.11,100,Auto trade,,,
20190304T153706,105.07,3000,Auto trade,,,
20190304T153706,105.08,100,Auto trade,,,
20190304T153707,105.1,150,Auto trade,,,
20190304T153713,105.13,200,Auto trade,,,
20190304T153717,105.1401,1000,Auto trade,,,
20190304T153717,105.16,100,Auto trade,,,
20190304T153717,105.17,180,Auto trade,,,
20190304T153718,105.175,500,Auto trade,,,
20190304T153718,105.17,150,Auto trade,,,
20190304T153718,105.165,100,Auto trade,,,
20190304T153719,105.17,100,Auto trade,,,
20190304T153719,105.16,100,Auto trade,,,
20190304T153721,105.1301,500,Auto trade,,,
20190304T153721,105.12,316,Auto trade,,,
20190304T153722,105.11,100,Auto trade,,,
20190304T153722,105.1175,2700,Auto trade,,,
20190304T153722,105.12,200,Auto trade,,,
20190304T153723,105.1201,300,Auto trade,,,
20190304T153724,105.125,100,Auto trade,,,
20190304T153725,105.13,100,Auto trade,,,
20190304T153727,105.13,200,Auto trade,,,
20190304T153727,105.14,617,Auto trade,,,
20190304T153727,105.13,100,Auto trade,,,
20190304T153729,105.14,100,Auto trade,,,
20190304T153729,105.15,100,Auto trade,,,
20190304T153731,105.15,100,Auto trade,,,
20190304T153733,105.147,500,Auto trade,,,
20190304T153734,105.15,200,Auto trade,,,
20190304T153734,105.145,100,Auto trade,,,
20190304T153734,105.155,100,Auto trade,,,
20190304T153738,105.16,100,Auto trade,,,
20190304T153739,105.16,1000,Auto trade,,,
20190304T153739,105.1601,100,Auto trade,,,
20190304T153740,105.17,200,Auto trade,,,
20190304T153740,105.16,100,Auto trade,,,
20190304T153740,105.17,100,Auto trade,,,
20190304T153740,105.16,100,Auto trade,,,
20190304T153740,105.17,100,Auto trade,,,
20190304T153742,105.1754,145,Auto trade,,,
20190304T153743,105.166,1000,Auto trade,,,
20190304T153743,105.16,100,Auto trade,,,
20190304T153745,105.15,100,Auto trade,,,
20190304T153745,105.14,100,Auto trade,,,
20190304T153745,105.13,200,Auto trade,,,
20190304T153748,105.13,100,Auto trade,,,
20190304T153749,105.14,100,Auto trade,,,
20190304T153750,105.145,100,Auto trade,,,
20190304T153750,105.15,100,Auto trade,,,
20190304T153750,105.145,100,Auto trade,,,
20190304T153750,105.15,100,Auto trade,,,
20190304T153750,105.16,100,Auto trade,,,
20190304T153750,105.15,100,Auto trade,,,
20190304T153750,105.16,100,Auto trade,,,
20190304T153751,105.16,200,Auto trade,,,
20190304T153752,105.165,700,Auto trade,,,
20190304T153752,105.16,100,Auto trade,,,
20190304T153752,105.165,100,Auto trade,,,
20190304T153752,105.16,280,Auto trade,,,
20190304T153752,105.165,100,Auto trade,,,
20190304T153754,105.16,300,Auto trade,,,
20190304T153754,105.15,100,Auto trade,,,
20190304T153754,105.14,100,Auto trade,,,
20190304T153754,105.145,100,Auto trade,,,
20190304T153754,105.13,100,Auto trade,,,
20190304T153755,105.14,100,Auto trade,,,
20190304T153756,105.14,100,Auto trade,,,
20190304T153756,105.13,100,Auto trade,,,
20190304T153758,105.14,100,Auto trade,,,
20190304T153801,105.13,300,Auto trade,,,
20190304T153801,105.14,200,Auto trade,,,
20190304T153801,105.13,300,Auto trade,,,
20190304T153801,105.14,100,Auto trade,,,
20190304T153801,105.13,100,Auto trade,,,
20190304T153801,105.14,256,Auto trade,,,
20190304T153801,105.125,100,Auto trade,,,
20190304T153801,105.14,100,Auto trade,,,
20190304T153802,105.14,300,Auto trade,,,
20190304T153803,105.14,100,Auto trade,,,
20190304T153803,105.15,100,Auto trade,,,
20190304T153803,105.14,100,Auto trade,,,
20190304T153804,105.15,100,Auto trade,,,
20190304T153804,105.14,100,Auto trade,,,
20190304T153804,105.145,100,Auto trade,,,
20190304T153805,105.15,300,Auto trade,,,
20190304T153805,105.1499,300,Auto trade,,,
20190304T153806,105.135,100,Auto trade,,,
20190304T153808,105.14,200,Auto trade,,,
20190304T153808,105.135,100,Auto trade,,,
20190304T153809,105.13,100,Auto trade,,,
20190304T153810,105.12,100,Auto trade,,,
20190304T153810,105.11,199,Auto trade,,,
20190304T153810,105.12,100,Auto trade,,,
20190304T153810,105.1,100,Auto trade,,,
20190304T153810,105.09,100,Auto trade,,,
20190304T153811,105.1,100,Auto trade,,,
20190304T153812,105.09,100,Auto trade,,,
20190304T153812,105.0961,1000,Auto trade,,,
20190304T153812,105.09,100,Auto trade,,,
20190304T153816,105.09,200,Auto trade,,,
20190304T153816,105.0972,100,Auto trade,,,
20190304T153816,105.09,100,Auto trade,,,
20190304T153817,105.1,100,Auto trade,,,
20190304T153817,105.11,100,Auto trade,,,
20190304T153820,105.1,100,Auto trade,,,
20190304T153820,105.09,100,Auto trade,,,
20190304T153822,105.1099,260,Auto trade,,,
20190304T153826,105.11,100,Auto trade,,,
20190304T153826,105.12,100,Auto trade,,,
20190304T153826,105.13,200,Auto trade,,,
20190304T153829,105.14,100,Auto trade,,,
20190304T153829,105.15,200,Auto trade,,,
20190304T153829,105.17,500,Auto trade,,,
20190304T153830,105.19,100,Auto trade,,,
20190304T153831,105.2,100,Auto trade,,,
20190304T153831,105.19,100,Auto trade,,,
20190304T153832,105.19,301,Auto trade,,,
20190304T153832,105.2,100,Auto trade,,,
20190304T153832,105.21,261,Auto trade,,,
20190304T153833,105.22,100,Auto trade,,,
20190304T153833,105.21,100,Auto trade,,,
20190304T153834,105.22,100,Auto trade,,,
20190304T153834,105.21,220,Auto trade,,,
20190304T153834,105.22,100,Auto trade,,,
20190304T153834,105.21,100,Auto trade,,,
20190304T153834,105.22,100,Auto trade,,,
20190304T153834,105.21,199,Auto trade,,,
20190304T153834,105.22,200,Auto trade,,,
20190304T153834,105.2,100,Auto trade,,,
20190304T153834,105.21,100,Auto trade,,,
20190304T153834,105.22,800,Auto trade,,,
20190304T153835,105.22,100,Auto trade,,,
20190304T153835,105.23,300,Auto trade,,,
20190304T153835,105.22,100,Auto trade,,,
20190304T153835,105.23,180,Auto trade,,,
20190304T153835,105.22,100,Auto trade,,,
20190304T153835,105.23,100,Auto trade,,,
20190304T153835,105.22,100,Auto trade,,,
20190304T153835,105.23,100,Auto trade,,,
20190304T153835,105.24,300,Auto trade,,,
20190304T153835,105.23,100,Auto trade,,,
20190304T153835,105.24,100,Auto trade,,,
20190304T153835,105.23,100,Auto trade,,,
20190304T153835,105.24,100,Auto trade,,,
20190304T153835,105.22,100,Auto trade,,,
20190304T153835,105.23,100,Auto trade,,,
20190304T153835,105.24,100,Auto trade,,,
20190304T153835,105.23,100,Auto trade,,,
20190304T153835,105.24,100,Auto trade,,,
20190304T153835,105.22,100,Auto trade,,,
20190304T153835,105.23,100,Auto trade,,,
20190304T153835,105.22,100,Auto trade,,,
20190304T153835,105.23,100,Auto trade,,,
20190304T153835,105.22,100,Auto trade,,,
20190304T153835,105.23,100,Auto trade,,,
20190304T153835,105.22,100,Auto trade,,,
20190304T153835,105.23,100,Auto trade,,,
20190304T153835,105.22,100,Auto trade,,,
20190304T153835,105.23,100,Auto trade,,,
20190304T153835,105.22,193,Auto trade,,,
20190304T153835,105.2,300,Auto trade,,,
20190304T153835,105.21,100,Auto trade,,,
20190304T153835,105.22,100,Auto trade,,,
20190304T153835,105.23,100,Auto trade,,,
20190304T153839,105.22,300,Auto trade,,,
20190304T153839,105.21,100,Auto trade,,,
20190304T153840,105.236,100,Auto trade,,,
20190304T153842,105.22,1000,Auto trade,,,
20190304T153842,105.24,100,Auto trade,,,
20190304T153843,105.23,100,Auto trade,,,
20190304T153843,105.235,100,Auto trade,,,
20190304T153843,105.24,100,Auto trade,,,
20190304T153844,105.23,100,Auto trade,,,
20190304T153847,105.25,100,Auto trade,,,
20190304T153847,105.26,400,Auto trade,,,
20190304T153847,105.255,100,Auto trade,,,
20190304T153848,105.26,100,Auto trade,,,
20190304T153848,105.265,200,Auto trade,,,
20190304T153848,105.27,100,Auto trade,,,
20190304T153848,105.28,100,Auto trade,,,
20190304T153848,105.3,500,Auto trade,,,
20190304T153849,105.3,200,Auto trade,,,
20190304T153850,105.3,500,Auto trade,,,
20190304T153852,105.3,200,Auto trade,,,
20190304T153852,105.29,400,Auto trade,,,
20190304T153852,105.28,100,Auto trade,,,
20190304T153853,105.2879,1035,Auto trade,,,
20190304T153853,105.29,181,Auto trade,,,
20190304T153854,105.3,100,Auto trade,,,
20190304T153854,105.29,100,Auto trade,,,
20190304T153855,105.295,100,Auto trade,,,
20190304T153855,105.29,100,Auto trade,,,
20190304T153855,105.292,100,Auto trade,,,
20190304T153855,105.29,100,Auto trade,,,
20190304T153855,105.2901,200,Auto trade,,,
20190304T153855,105.29,100,Auto trade,,,
20190304T153855,105.3,200,Auto trade,,,
20190304T153855,105.29,100,Auto trade,,,
20190304T153856,105.29,100,Auto trade,,,
20190304T153857,105.29,100,Auto trade,,,
20190304T153858,105.28,100,Auto trade,,,
20190304T153859,105.27,490,Auto trade,,,
20190304T153859,105.26,180,Auto trade,,,
20190304T153859,105.27,100,Auto trade,,,
20190304T153859,105.28,200,Auto trade,,,
20190304T153859,105.26,100,Auto trade,,,
20190304T153859,105.27,100,Auto trade,,,
20190304T153859,105.26,100,Auto trade,,,
20190304T153859,105.28,100,Auto trade,,,
20190304T153900,105.28,700,Auto trade,,,
20190304T153901,105.29,100,Auto trade,,,
20190304T153901,105.285,100,Auto trade,,,
20190304T153902,105.285,100,Auto trade,,,
20190304T153902,105.28,200,Auto trade,,,
20190304T153902,105.29,380,Auto trade,,,
20190304T153902,105.28,100,Auto trade,,,
20190304T153902,105.2801,100,Auto trade,,,
20190304T153902,105.28,100,Auto trade,,,
20190304T153902,105.27,461,Auto trade,,,
20190304T153902,105.2801,300,Auto trade,,,
20190304T153902,105.28,100,Auto trade,,,
20190304T153903,105.27,100,Auto trade,,,
20190304T153903,105.26,100,Auto trade,,,
20190304T153903,105.27,200,Auto trade,,,
20190304T153905,105.27,100,Auto trade,,,
20190304T153905,105.28,100,Auto trade,,,
20190304T153907,105.2728,200,Auto trade,,,
20190304T153910,105.27,200,Auto trade,,,
20190304T153911,105.26,190,Auto trade,,,
20190304T153911,105.255,200,Auto trade,,,
20190304T153912,105.25,300,Auto trade,,,
20190304T153912,105.24,100,Auto trade,,,
20190304T153913,105.24,200,Auto trade,,,
20190304T153914,105.24,700,Auto trade,,,
20190304T153917,105.24,600,Auto trade,,,
20190304T153917,105.23,118,Auto trade,,,
20190304T153917,105.2,143,Auto trade,,,
20190304T153917,105.21,100,Auto trade,,,
20190304T153917,105.2,100,Auto trade,,,
20190304T153918,105.2,100,Auto trade,,,
20190304T153918,105.1965,300,Auto trade,,,
20190304T153918,105.2,100,Auto trade,,,
20190304T153918,105.1965,200,Auto trade,,,
20190304T153918,105.19,171,Auto trade,,,
20190304T153918,105.2,100,Auto trade,,,
20190304T153919,105.19,500,Auto trade,,,
20190304T153919,105.18,100,Auto trade,,,
20190304T153919,105.19,200,Auto trade,,,
20190304T153919,105.1828,100,Auto trade,,,
20190304T153919,105.2,200,Auto trade,,,
20190304T153920,105.2,200,Auto trade,,,
20190304T153920,105.21,100,Auto trade,,,
20190304T153924,105.22,100,Auto trade,,,
20190304T153924,105.23,200,Auto trade,,,
20190304T153924,105.215,100,Auto trade,,,
20190304T153925,105.22,100,Auto trade,,,
20190304T153925,105.21,100,Auto trade,,,
20190304T153925,105.215,100,Auto trade,,,
20190304T153925,105.21,200,Auto trade,,,
20190304T153925,105.205,100,Auto trade,,,
20190304T153931,105.21,400,Auto trade,,,
20190304T153931,105.205,100,Auto trade,,,
20190304T153931,105.21,200,Auto trade,,,
20190304T153931,105.2099,186,Auto trade,,,
20190304T153931,105.2,100,Auto trade,,,
20190304T153932,105.19,200,Auto trade,,,
20190304T153932,105.18,107,Auto trade,,,
20190304T153933,105.18,300,Auto trade,,,
20190304T153935,105.17,200,Auto trade,,,
20190304T153935,105.16,100,Auto trade,,,
20190304T153935,105.14,100,Auto trade,,,
20190304T153936,105.14,100,Auto trade,,,
20190304T153937,105.14,300,Auto trade,,,
20190304T153937,105.13,100,Auto trade,,,
20190304T153937,105.14,200,Auto trade,,,
20190304T153939,105.15,100,Auto trade,,,
20190304T153939,105.16,100,Auto trade,,,
20190304T153941,105.16,500,Auto trade,,,
20190304T153941,105.15,100,Auto trade,,,
20190304T153942,105.16,100,Auto trade,,,
20190304T153942,105.17,100,Auto trade,,,
20190304T153942,105.16,100,Auto trade,,,
20190304T153942,105.17,100,Auto trade,,,
20190304T153942,105.18,100,Auto trade,,,
20190304T153942,105.165,100,Auto trade,,,
20190304T153942,105.18,100,Auto trade,,,
20190304T153942,105.17,200,Auto trade,,,
20190304T153943,105.165,100,Auto trade,,,
20190304T153944,105.165,200,Auto trade,,,
20190304T153945,105.18,100,Auto trade,,,
20190304T153945,105.17,230,Auto trade,,,
20190304T153945,105.175,100,Auto trade,,,
20190304T153946,105.17,3000,Auto trade,,,
20190304T153947,105.17,100,Auto trade,,,
20190304T153947,105.175,132,Auto trade,,,
20190304T153948,105.175,300,Auto trade,,,
20190304T153948,105.18,100,Auto trade,,,
20190304T153948,105.175,170,Auto trade,,,
20190304T153949,105.1701,400,Auto trade,,,
20190304T153949,105.175,100,Auto trade,,,
20190304T153949,105.18,100,Auto trade,,,
20190304T153949,105.17,100,Auto trade,,,
20190304T153950,105.18,100,Auto trade,,,
20190304T153951,105.175,100,Auto trade,,,
20190304T153951,105.18,100,Auto trade,,,
20190304T153953,105.19,100,Auto trade,,,
20190304T153953,105.185,100,Auto trade,,,
20190304T153953,105.18,100,Auto trade,,,
20190304T153954,105.19,100,Auto trade,,,
20190304T153955,105.19,200,Auto trade,,,
20190304T153955,105.18,100,Auto trade,,,
20190304T153956,105.185,100,Auto trade,,,
20190304T153958,105.19,400,Auto trade,,,
20190304T153958,105.185,100,Auto trade,,,
20190304T153958,105.19,100,Auto trade,,,
20190304T153958,105.18,100,Auto trade,,,
20190304T153959,105.18,200,Auto trade,,,
20190304T154000,105.17,100,Auto trade,,,
20190304T154000,105.169,100,Auto trade,,,
20190304T154001,105.16,100,Auto trade,,,
20190304T154001,105.155,100,Auto trade,,,
20190304T154002,105.1565,300,Auto trade,,,
20190304T154002,105.17,200,Auto trade,,,
20190304T154003,105.17,1515,Auto trade,,,
20190304T154003,105.18,100,Auto trade,,,
20190304T154005,105.18,500,Auto trade,,,
20190304T154006,105.175,3000,Auto trade,,,
20190304T154006,105.19,351,Auto trade,,,
20190304T154006,105.185,100,Auto trade,,,
20190304T154006,105.19,100,Auto trade,,,
20190304T154008,105.18,100,Auto trade,,,
20190304T154010,105.19,400,Auto trade,,,
20190304T154010,105.185,130,Auto trade,,,
20190304T154010,105.19,100,Auto trade,,,
20190304T154010,105.2,100,Auto trade,,,
20190304T154010,105.19,100,Auto trade,,,
20190304T154010,105.2,100,Auto trade,,,
20190304T154010,105.185,100,Auto trade,,,
20190304T154010,105.2,100,Auto trade,,,
20190304T154010,105.195,100,Auto trade,,,
20190304T154010,105.19,100,Auto trade,,,
20190304T154010,105.2,300,Auto trade,,,
20190304T154010,105.195,200,Auto trade,,,
20190304T154010,105.2,100,Auto trade,,,
20190304T154010,105.21,100,Auto trade,,,
20190304T154010,105.2,100,Auto trade,,,
20190304T154010,105.19,100,Auto trade,,,
20190304T154011,105.2,100,Auto trade,,,
20190304T154011,105.2056,156,Auto trade,,,
20190304T154011,105.21,300,Auto trade,,,
20190304T154011,105.22,100,Auto trade,,,
20190304T154016,105.23,200,Auto trade,,,
20190304T154016,105.24,100,Auto trade,,,
20190304T154016,105.25,500,Auto trade,,,
20190304T154017,105.25,800,Auto trade,,,
20190304T154018,105.2499,1000,Auto trade,,,
20190304T154019,105.25,100,Auto trade,,,
20190304T154021,105.29,100,Auto trade,,,
20190304T154023,105.29,500,Auto trade,,,
20190304T154023,105.3,300,Auto trade,,,
20190304T154023,105.31,1000,Auto trade,,,
20190304T154026,105.32,200,Auto trade,,,
20190304T154026,105.3239,200,Auto trade,,,
20190304T154026,105.33,100,Auto trade,,,
20190304T154026,105.32,100,Auto trade,,,
20190304T154027,105.33,400,Auto trade,,,
20190304T154028,105.3401,300,Auto trade,,,
20190304T154028,105.34,106,Auto trade,,,
20190304T154028,105.3401,106,Auto trade,,,
20190304T154029,105.345,300,Auto trade,,,
20190304T154029,105.35,500,Auto trade,,,
20190304T154029,105.36,100,Auto trade,,,
20190304T154029,105.37,100,Auto trade,,,
20190304T154029,105.365,200,Auto trade,,,
20190304T154029,105.355,300,Auto trade,,,
20190304T154029,105.36,400,Auto trade,,,
20190304T154030,105.35,100,Auto trade,,,
20190304T154030,105.358,100,Auto trade,,,
20190304T154030,105.35,100,Auto trade,,,
20190304T154030,105.36,100,Auto trade,,,
20190304T154030,105.35,100,Auto trade,,,
20190304T154030,105.34,509,Auto trade,,,
20190304T154030,105.348,100,Auto trade,,,
20190304T154030,105.3463,100,Auto trade,,,
20190304T154030,105.3435,100,Auto trade,,,
20190304T154030,105.3436,100,Auto trade,,,
20190304T154030,105.3434,100,Auto trade,,,
20190304T154030,105.3436,100,Auto trade,,,
20190304T154030,105.3435,100,Auto trade,,,
20190304T154030,105.3436,100,Auto trade,,,
20190304T154030,105.3371,271,Auto trade,,,
20190304T154030,105.34,100,Auto trade,,,
20190304T154031,105.335,100,Auto trade,,,
20190304T154031,105.34,334,Auto trade,,,
20190304T154031,105.33,200,Auto trade,,,
20190304T154031,105.32,100,Auto trade,,,
20190304T154031,105.31,400,Auto trade,,,
20190304T154031,105.3,100,Auto trade,,,
20190304T154032,105.3,200,Auto trade,,,
20190304T154033,105.3,200,Auto trade,,,
20190304T154033,105.295,100,Auto trade,,,
20190304T154033,105.2825,1000,Auto trade,,,
20190304T154033,105.29,200,Auto trade,,,
20190304T154033,105.3,100,Auto trade,,,
20190304T154034,105.28,100,Auto trade,,,
20190304T154034,105.27,346,Auto trade,,,
20190304T154034,105.26,100,Auto trade,,,
20190304T154034,105.27,300,Auto trade,,,
20190304T154036,105.2826,200,Auto trade,,,
20190304T154037,105.29,100,Auto trade,,,
20190304T154038,105.28,100,Auto trade,,,
20190304T154038,105.27,100,Auto trade,,,
20190304T154040,105.27,100,Auto trade,,,
20190304T154040,105.265,400,Auto trade,,,
20190304T154040,105.27,300,Auto trade,,,
20190304T154040,105.2675,200,Auto trade,,,
20190304T154040,105.27,300,Auto trade,,,
20190304T154040,105.2675,200,Auto trade,,,
20190304T154040,105.27,400,Auto trade,,,
20190304T154040,105.26,100,Auto trade,,,
20190304T154040,105.27,200,Auto trade,,,
20190304T154040,105.265,100,Auto trade,,,
20190304T154040,105.27,300,Auto trade,,,
20190304T154040,105.265,100,Auto trade,,,
20190304T154040,105.27,300,Auto trade,,,
20190304T154040,105.275,100,Auto trade,,,
20190304T154040,105.27,100,Auto trade,,,
20190304T154040,105.28,200,Auto trade,,,
20190304T154040,105.275,100,Auto trade,,,
20190304T154040,105.28,200,Auto trade,,,
20190304T154040,105.2775,100,Auto trade,,,
20190304T154040,105.28,200,Auto trade,,,
20190304T154040,105.2775,100,Auto trade,,,
20190304T154041,105.275,200,Auto trade,,,
20190304T154041,105.28,200,Auto trade,,,
20190304T154041,105.29,100,Auto trade,,,
20190304T154042,105.2999,300,Auto trade,,,
20190304T154043,105.3,200,Auto trade,,,
20190304T154043,105.295,100,Auto trade,,,
20190304T154043,105.3,100,Auto trade,,,
20190304T154045,105.305,100,Auto trade,,,
20190304T154045,105.31,200,Auto trade,,,
20190304T154045,105.305,100,Auto trade,,,
20190304T154045,105.31,100,Auto trade,,,
20190304T154046,105.32,100,Auto trade,,,
20190304T154049,105.34,100,Auto trade,,,
20190304T154051,105.34,100,Auto trade,,,
20190304T154051,105.3436,100,Auto trade,,,
20190304T154051,105.35,100,Auto trade,,,
20190304T154052,105.3554,500,Auto trade,,,
20190304T154054,105.35,100,Auto trade,,,
20190304T154055,105.355,300,Auto trade,,,
20190304T154055,105.36,100,Auto trade,,,
20190304T154056,105.35,100,Auto trade,,,
20190304T154056,105.34,1900,Auto trade,,,
20190304T154057,105.34,100,Auto trade,,,
20190304T154057,105.33,100,Auto trade,,,
20190304T154057,105.34,100,Auto trade,,,
20190304T154057,105.32,100,Auto trade,,,
20190304T154058,105.32,300,Auto trade,,,
20190304T154059,105.32,300,Auto trade,,,
20190304T154100,105.33,100,Auto trade,,,
20190304T154101,105.33,300,Auto trade,,,
20190304T154102,105.33,100,Auto trade,,,
20190304T154103,105.34,100,Auto trade,,,
20190304T154104,105.34,200,Auto trade,,,
20190304T154105,105.3429,237,Auto trade,,,
20190304T154106,105.35,100,Auto trade,,,
20190304T154108,105.35,100,Auto trade,,,
20190304T154112,105.37,100,Auto trade,,,
20190304T154112,105.4,442,Auto trade,,,
20190304T154113,105.4,400,Auto trade,,,
20190304T154113,105.41,100,Auto trade,,,
20190304T154115,105.41,200,Auto trade,,,
20190304T154116,105.4176,500,Auto trade,,,
20190304T154118,105.42,500,Auto trade,,,
20190304T154118,105.43,100,Auto trade,,,
20190304T154118,105.42,100,Auto trade,,,
20190304T154118,105.43,500,Auto trade,,,
20190304T154118,105.44,270,Auto trade,,,
20190304T154118,105.43,100,Auto trade,,,
20190304T154118,105.44,100,Auto trade,,,
20190304T154118,105.4375,5000,Auto trade,,,
20190304T154119,105.44,500,Auto trade,,,
20190304T154119,105.435,130,Auto trade,,,
20190304T154120,105.4367,200,Auto trade,,,
20190304T154120,105.43,300,Auto trade,,,
20190304T154121,105.42,100,Auto trade,,,
20190304T154121,105.43,100,Auto trade,,,
20190304T154122,105.41,100,Auto trade,,,
20190304T154122,105.415,100,Auto trade,,,
20190304T154123,105.41,100,Auto trade,,,
20190304T154123,105.4,100,Auto trade,,,
20190304T154124,105.4,100,Auto trade,,,
20190304T154126,105.41,100,Auto trade,,,
20190304T154126,105.4,134,Auto trade,,,
20190304T154126,105.41,100,Auto trade,,,
20190304T154126,105.4,100,Auto trade,,,
20190304T154129,105.39,100,Auto trade,,,
20190304T154131,105.4,100,Auto trade,,,
20190304T154131,105.41,100,Auto trade,,,
20190304T154133,105.41,300,Auto trade,,,
20190304T154134,105.39,500,Auto trade,,,
20190304T154134,105.38,100,Auto trade,,,
20190304T154134,105.39,100,Auto trade,,,
20190304T154134,105.37,100,Auto trade,,,
20190304T154134,105.38,100,Auto trade,,,
20190304T154134,105.375,100,Auto trade,,,
20190304T154134,105.38,100,Auto trade,,,
20190304T154134,105.39,100,Auto trade,,,
20190304T154134,105.38,100,Auto trade,,,
20190304T154138,105.39,100,Auto trade,,,
20190304T154138,105.38,152,Auto trade,,,
20190304T154138,105.4,100,Auto trade,,,
20190304T154140,105.41,200,Auto trade,,,
20190304T154144,105.405,300,Auto trade,,,
20190304T154144,105.4,300,Auto trade,,,
20190304T154144,105.39,100,Auto trade,,,
20190304T154144,105.38,200,Auto trade,,,
20190304T154144,105.4001,100,Auto trade,,,
20190304T154144,105.4003,100,Auto trade,,,
20190304T154144,105.4033,100,Auto trade,,,
20190304T154144,105.4,269,Auto trade,,,
20190304T154144,105.39,200,Auto trade,,,
20190304T154144,105.4,100,Auto trade,,,
20190304T154144,105.39,100,Auto trade,,,
20190304T154145,105.388,100,Auto trade,,,
20190304T154146,105.39,100,Auto trade,,,
20190304T154149,105.37,100,Auto trade,,,
20190304T154150,105.36,100,Auto trade,,,
20190304T154151,105.34,100,Auto trade,,,
20190304T154151,105.336,244,Auto trade,,,
20190304T154152,105.33,300,Auto trade,,,
20190304T154155,105.335,100,Auto trade,,,
20190304T154155,105.33,300,Auto trade,,,
20190304T154155,105.32,100,Auto trade,,,
20190304T154156,105.32,100,Auto trade,,,
20190304T154157,105.32,900,Auto trade,,,
20190304T154158,105.32,100,Auto trade,,,
20190304T154159,105.33,100,Auto trade,,,
20190304T154159,105.34,100,Auto trade,,,
20190304T154159,105.335,100,Auto trade,,,
20190304T154159,105.34,100,Auto trade,,,
20190304T154159,105.335,167,Auto trade,,,
20190304T154159,105.34,100,Auto trade,,,
20190304T154159,105.335,100,Auto trade,,,
20190304T154200,105.34,100,Auto trade,,,
20190304T154202,105.35,200,Auto trade,,,
20190304T154202,105.34,400,Auto trade,,,
20190304T154203,105.33,129,Auto trade,,,
20190304T154204,105.34,100,Auto trade,,,
20190304T154205,105.34,100,Auto trade,,,
20190304T154205,105.32,100,Auto trade,,,
20190304T154205,105.31,100,Auto trade,,,
20190304T154206,105.315,100,Auto trade,,,
20190304T154206,105.32,100,Auto trade,,,
20190304T154206,105.31,118,Auto trade,,,
20190304T154206,105.32,100,Auto trade,,,
20190304T154207,105.32,200,Auto trade,,,
20190304T154208,105.35,100,Auto trade,,,
20190304T154208,105.34,100,Auto trade,,,
20190304T154208,105.35,100,Auto trade,,,
20190304T154209,105.34,100,Auto trade,,,
20190304T154211,105.33,100,Auto trade,,,
20190304T154211,105.32,100,Auto trade,,,
20190304T154215,105.33,100,Auto trade,,,
20190304T154215,105.325,100,Auto trade,,,
20190304T154215,105.3259,600,Auto trade,,,
20190304T154216,105.34,100,Auto trade,,,
20190304T154217,105.34,100,Auto trade,,,
20190304T154217,105.35,400,Auto trade,,,
20190304T154218,105.34,100,Auto trade,,,
20190304T154218,105.33,100,Auto trade,,,
20190304T154219,105.3286,500,Auto trade,,,
20190304T154220,105.32,100,Auto trade,,,
20190304T154220,105.33,190,Auto trade,,,
20190304T154223,105.32,100,Auto trade,,,
20190304T154224,105.315,200,Auto trade,,,
20190304T154224,105.31,100,Auto trade,,,
20190304T154224,105.3,300,Auto trade,,,
20190304T154224,105.29,570,Auto trade,,,
20190304T154224,105.3,200,Auto trade,,,
20190304T154225,105.29,100,Auto trade,,,
20190304T154225,105.28,100,Auto trade,,,
20190304T154225,105.29,100,Auto trade,,,
20190304T154225,105.3,100,Auto trade,,,
20190304T154225,105.31,100,Auto trade,,,
20190304T154226,105.31,1100,Auto trade,,,
20190304T154226,105.3,200,Auto trade,,,
20190304T154226,105.29,100,Auto trade,,,
20190304T154227,105.3,100,Auto trade,,,
20190304T154227,105.29,100,Auto trade,,,
20190304T154228,105.28,100,Auto trade,,,
20190304T154228,105.27,100,Auto trade,,,
20190304T154228,105.26,100,Auto trade,,,
20190304T154228,105.24,100,Auto trade,,,
20190304T154228,105.25,100,Auto trade,,,
20190304T154228,105.24,100,Auto trade,,,
20190304T154228,105.25,100,Auto trade,,,
20190304T154228,105.24,100,Auto trade,,,
20190304T154229,105.25,100,Auto trade,,,
20190304T154229,105.23,100,Auto trade,,,
20190304T154229,105.24,100,Auto trade,,,
20190304T154230,105.25,100,Auto trade,,,
20190304T154230,105.26,100,Auto trade,,,
20190304T154230,105.27,100,Auto trade,,,
20190304T154231,105.26,100,Auto trade,,,
20190304T154231,105.25,100,Auto trade,,,
20190304T154231,105.24,100,Auto trade,,,
20190304T154232,105.26,200,Auto trade,,,
20190304T154232,105.27,200,Auto trade,,,
20190304T154233,105.28,100,Auto trade,,,
20190304T154233,105.29,200,Auto trade,,,
20190304T154233,105.3,232,Auto trade,,,
20190304T154233,105.295,100,Auto trade,,,
20190304T154233,105.3,100,Auto trade,,,
20190304T154233,105.28,100,Auto trade,,,
20190304T154233,105.3,100,Auto trade,,,
20190304T154234,105.3,200,Auto trade,,,
20190304T154234,105.29,100,Auto trade,,,
20190304T154234,105.3,100,Auto trade,,,
20190304T154234,105.28,100,Auto trade,,,
20190304T154234,105.29,100,Auto trade,,,
20190304T154234,105.28,100,Auto trade,,,
20190304T154234,105.27,100,Auto trade,,,
20190304T154235,105.285,100,Auto trade,,,
20190304T154236,105.28,100,Auto trade,,,
20190304T154237,105.26,300,Auto trade,,,
20190304T154238,105.25,200,Auto trade,,,
20190304T154238,105.24,100,Auto trade,,,
20190304T154238,105.23,100,Auto trade,,,
20190304T154238,105.22,100,Auto trade,,,
20190304T154238,105.23,100,Auto trade,,,
20190304T154238,105.22,100,Auto trade,,,
20190304T154239,105.22,1000,Auto trade,,,
20190304T154239,105.23,100,Auto trade,,,
20190304T154239,105.235,100,Auto trade,,,
20190304T154242,105.23,200,Auto trade,,,
20190304T154244,105.21,100,Auto trade,,,
20190304T154244,105.1975,500,Auto trade,,,
20190304T154245,105.19,200,Auto trade,,,
20190304T154248,105.2,100,Auto trade,,,
20190304T154248,105.19,100,Auto trade,,,
20190304T154249,105.18,300,Auto trade,,,
20190304T154249,105.1869,1346,Auto trade,,,
20190304T154249,105.18,100,Auto trade,,,
20190304T154250,105.19,100,Auto trade,,,
20190304T154250,105.18,100,Auto trade,,,
20190304T154250,105.19,100,Auto trade,,,
20190304T154251,105.19,200,Auto trade,,,
20190304T154251,105.18,200,Auto trade,,,
20190304T154251,105.16,100,Auto trade,,,
20190304T154251,105.17,100,Auto trade,,,
20190304T154251,105.16,100,Auto trade,,,
20190304T154251,105.18,100,Auto trade,,,
20190304T154251,105.17,100,Auto trade,,,
20190304T154252,105.17,200,Auto trade,,,
20190304T154253,105.15,100,Auto trade,,,
20190304T154253,105.16,200,Auto trade,,,
20190304T154254,105.16,300,Auto trade,,,
20190304T154254,105.155,100,Auto trade,,,
20190304T154254,105.16,100,Auto trade,,,
20190304T154255,105.16,100,Auto trade,,,
20190304T154255,105.15,100,Auto trade,,,
20190304T154256,105.14,100,Auto trade,,,
20190304T154256,105.13,100,Auto trade,,,
20190304T154257,105.12,100,Auto trade,,,
20190304T154257,105.14,100,Auto trade,,,
20190304T154301,105.13,100,Auto trade,,,
20190304T154302,105.14,100,Auto trade,,,
20190304T154303,105.15,400,Auto trade,,,
20190304T154304,105.15,100,Auto trade,,,
20190304T154304,105.14,100,Auto trade,,,
20190304T154305,105.1454,2600,Auto trade,,,
20190304T154305,105.15,100,Auto trade,,,
20190304T154305,105.145,400,Auto trade,,,
20190304T154306,105.14,100,Auto trade,,,
20190304T154307,105.14,100,Auto trade,,,
20190304T154307,105.135,100,Auto trade,,,
20190304T154307,105.14,100,Auto trade,,,
20190304T154307,105.135,100,Auto trade,,,
20190304T154307,105.145,150,Auto trade,,,
20190304T154308,105.15,100,Auto trade,,,
20190304T154308,105.16,100,Auto trade,,,
20190304T154309,105.16,100,Auto trade,,,
20190304T154311,105.15,100,Auto trade,,,
20190304T154311,105.13,100,Auto trade,,,
20190304T154311,105.14,100,Auto trade,,,
20190304T154311,105.13,124,Auto trade,,,
20190304T154311,105.125,100,Auto trade,,,
20190304T154311,105.14,200,Auto trade,,,
20190304T154311,105.125,100,Auto trade,,,
20190304T154311,105.14,100,Auto trade,,,
20190304T154314,105.14,700,Auto trade,,,
20190304T154315,105.13,200,Auto trade,,,
20190304T154316,105.14,100,Auto trade,,,
20190304T154317,105.14,200,Auto trade,,,
20190304T154318,105.14,200,Auto trade,,,
20190304T154318,105.135,100,Auto trade,,,
20190304T154318,105.14,100,Auto trade,,,
20190304T154318,105.135,100,Auto trade,,,
20190304T154318,105.14,100,Auto trade,,,
20190304T154320,105.15,200,Auto trade,,,
20190304T154320,105.14,100,Auto trade,,,
20190304T154320,105.15,100,Auto trade,,,
20190304T154320,105.145,100,Auto trade,,,
20190304T154320,105.15,100,Auto trade,,,
20190304T154320,105.145,100,Auto trade,,,
20190304T154320,105.15,300,Auto trade,,,
20190304T154320,105.16,100,Auto trade,,,
20190304T154320,105.155,100,Auto trade,,,
20190304T154322,105.17,100,Auto trade,,,
20190304T154322,105.175,100,Auto trade,,,
20190304T154323,105.17,161,Auto trade,,,
20190304T154323,105.16,100,Auto trade,,,
20190304T154323,105.15,378,Auto trade,,,
20190304T154324,105.145,100,Auto trade,,,
20190304T154324,105.15,100,Auto trade,,,
20190304T154324,105.14,100,Auto trade,,,
20190304T154325,105.14,200,Auto trade,,,
20190304T154326,105.125,100,Auto trade,,,
20190304T154327,105.12,100,Auto trade,,,
20190304T154327,105.125,200,Auto trade,,,
20190304T154328,105.12,100,Auto trade,,,
20190304T154328,105.1133,866,Auto trade,,,
20190304T154328,105.11,100,Auto trade,,,
20190304T154329,105.1,200,Auto trade,,,
20190304T154329,105.095,100,Auto trade,,,
20190304T154329,105.1,100,Auto trade,,,
20190304T154330,105.09,100,Auto trade,,,
20190304T154330,105.08,100,Auto trade,,,
20190304T154331,105.07,200,Auto trade,,,
20190304T154332,105.07,900,Auto trade,,,
20190304T154332,105.0745,233,Auto trade,,,
20190304T154332,105.06,200,Auto trade,,,
20190304T154332,105.07,200,Auto trade,,,
20190304T154333,105.06,222,Auto trade,,,
20190304T154334,105.06,100,Auto trade,,,
20190304T154334,105.0619,182,Auto trade,,,
20190304T154334,105.06,100,Auto trade,,,
20190304T154335,105.06,100,Auto trade,,,
20190304T154336,105.06,200,Auto trade,,,
20190304T154336,105.05,100,Auto trade,,,
20190304T154336,105.045,100,Auto trade,,,
20190304T154337,105.03,100,Auto trade,,,
20190304T154338,105.05,100,Auto trade,,,
20190304T154338,105.04,200,Auto trade,,,
20190304T154339,105.04,100,Auto trade,,,
20190304T154340,105.04,100,Auto trade,,,
20190304T154342,105.04,300,Auto trade,,,
20190304T154342,105.05,100,Auto trade,,,
20190304T154342,105.04,100,Auto trade,,,
20190304T154344,105.03,100,Auto trade,,,
20190304T154344,105.021,350,Auto trade,,,
20190304T154344,105.02,100,Auto trade,,,
20190304T154344,105.01,100,Auto trade,,,
20190304T154345,105.01,600,Auto trade,,,
20190304T154345,105.02,100,Auto trade,,,
20190304T154346,105.0165,500,Auto trade,,,
20190304T154346,105.03,200,Auto trade,,,
20190304T154346,105.02,100,Auto trade,,,
20190304T154346,105.03,100,Auto trade,,,
20190304T154346,105.04,200,Auto trade,,,
20190304T154347,105.05,100,Auto trade,,,
20190304T154347,105.045,100,Auto trade,,,
20190304T154348,105.045,300,Auto trade,,,
20190304T154349,105.05,100,Auto trade,,,
20190304T154349,105.045,100,Auto trade,,,
20190304T154350,105.03,100,Auto trade,,,
20190304T154351,105.01,200,Auto trade,,,
20190304T154352,105.01,1390,Auto trade,,,
20190304T154352,105.005,100,Auto trade,,,
20190304T154352,105.01,100,Auto trade,,,
20190304T154352,105.0001,100,Auto trade,,,
20190304T154353,105.0,421,Auto trade,,,
20190304T154353,104.99,100,Auto trade,,,
20190304T154353,105.0,1225,Auto trade,,,
20190304T154353,104.98,100,Auto trade,,,
20190304T154353,104.99,100,Auto trade,,,
20190304T154353,105.0,100,Auto trade,,,
20190304T154353,105.01,594,Auto trade,,,
20190304T154353,105.02,100,Auto trade,,,
20190304T154355,105.03,270,Auto trade,,,
20190304T154355,105.02,100,Auto trade,,,
20190304T154355,105.0,500,Auto trade,,,
20190304T154356,105.0,100,Auto trade,,,
20190304T154356,105.01,220,Auto trade,,,
20190304T154358,105.02,200,Auto trade,,,
20190304T154358,105.03,100,Auto trade,,,
20190304T154358,105.04,300,Auto trade,,,
20190304T154358,105.05,100,Auto trade,,,
20190304T154358,105.04,300,Auto trade,,,
20190304T154358,105.05,100,Auto trade,,,
20190304T154358,105.04,106,Auto trade,,,
20190304T154358,105.05,100,Auto trade,,,
20190304T154359,105.0632,217,Auto trade,,,
20190304T154359,105.07,100,Auto trade,,,
20190304T154400,105.07,100,Auto trade,,,
20190304T154400,105.06,100,Auto trade,,,
20190304T154402,105.07,118,Auto trade,,,
20190304T154402,105.08,200,Auto trade,,,
20190304T154403,105.08,300,Auto trade,,,
20190304T154404,105.1,100,Auto trade,,,
20190304T154405,105.11,500,Auto trade,,,
20190304T154405,105.12,200,Auto trade,,,
20190304T154407,105.13,100,Auto trade,,,
20190304T154407,105.139,200,Auto trade,,,
20190304T154407,105.14,200,Auto trade,,,
20190304T154407,105.13,100,Auto trade,,,
20190304T154407,105.14,100,Auto trade,,,
20190304T154407,105.13,100,Auto trade,,,
20190304T154407,105.14,100,Auto trade,,,
20190304T154407,105.15,100,Auto trade,,,
20190304T154407,105.16,305,Auto trade,,,
20190304T154407,105.15,100,Auto trade,,,
20190304T154407,105.13,100,Auto trade,,,
20190304T154407,105.12,200,Auto trade,,,
20190304T154407,105.13,100,Auto trade,,,
20190304T154407,105.125,500,Auto trade,,,
20190304T154407,105.14,400,Auto trade,,,
20190304T154408,105.12,100,Auto trade,,,
20190304T154410,105.12,300,Auto trade,,,
20190304T154410,105.115,100,Auto trade,,,
20190304T154410,105.11,100,Auto trade,,,
20190304T154410,105.1101,1472,Auto trade,,,
20190304T154410,105.1,200,Auto trade,,,
20190304T154411,105.08,200,Auto trade,,,
20190304T154411,105.085,100,Auto trade,,,
20190304T154411,105.07,100,Auto trade,,,
20190304T154411,105.08,131,Auto trade,,,
20190304T154412,105.095,100,Auto trade,,,
20190304T154412,105.1,300,Auto trade,,,
20190304T154412,105.095,100,Auto trade,,,
20190304T154412,105.1,100,Auto trade,,,
20190304T154415,105.12,100,Auto trade,,,
20190304T154415,105.13,500,Auto trade,,,
20190304T154415,105.12,100,Auto trade,,,
20190304T154417,105.11,100,Auto trade,,,
20190304T154420,105.11,100,Auto trade,,,
20190304T154421,105.111,5000,Auto trade,,,
20190304T154421,105.11,100,Auto trade,,,
20190304T154423,105.12,100,Auto trade,,,
20190304T154423,105.13,200,Auto trade,,,
20190304T154424,105.13,200,Auto trade,,,
20190304T154426,105.14,100,Auto trade,,,
20190304T154429,105.145,500,Auto trade,,,
20190304T154429,105.15,100,Auto trade,,,
20190304T154430,105.14,121,Auto trade,,,
20190304T154430,105.12,100,Auto trade,,,
20190304T154431,105.11,100,Auto trade,,,
20190304T154433,105.13,200,Auto trade,,,
20190304T154433,105.16,100,Auto trade,,,
20190304T154434,105.16,100,Auto trade,,,
20190304T154434,105.17,100,Auto trade,,,
20190304T154434,105.19,200,Auto trade,,,
20190304T154434,105.175,100,Auto trade,,,
20190304T154438,105.16,100,Auto trade,,,
20190304T154438,105.15,100,Auto trade,,,
20190304T154440,105.14,100,Auto trade,,,
20190304T154440,105.13,100,Auto trade,,,
20190304T154441,105.14,100,Auto trade,,,
20190304T154442,105.14,400,Auto trade,,,
20190304T154442,105.15,100,Auto trade,,,
20190304T154442,105.16,100,Auto trade,,,
20190304T154445,105.186,3000,Auto trade,,,
20190304T154446,105.18,100,Auto trade,,,
20190304T154446,105.17,100,Auto trade,,,
20190304T154447,105.17,100,Auto trade,,,
20190304T154449,105.17,100,Auto trade,,,
20190304T154450,105.17,200,Auto trade,,,
20190304T154450,105.18,100,Auto trade,,,
20190304T154450,105.175,300,Auto trade,,,
20190304T154452,105.18,100,Auto trade,,,
20190304T154452,105.19,100,Auto trade,,,
20190304T154453,105.18,300,Auto trade,,,
20190304T154456,105.1878,400,Auto trade,,,
20190304T154456,105.1803,150,Auto trade,,,
20190304T154456,105.19,100,Auto trade,,,
20190304T154456,105.2,100,Auto trade,,,
20190304T154456,105.21,200,Auto trade,,,
20190304T154457,105.21,2300,Auto trade,,,
20190304T154458,105.2078,238,Auto trade,,,
20190304T154458,105.21,100,Auto trade,,,
20190304T154459,105.22,2000,Auto trade,,,
20190304T154500,105.22,600,Auto trade,,,
20190304T154501,105.22,300,Auto trade,,,
20190304T154501,105.21,100,Auto trade,,,
20190304T154503,105.21,100,Auto trade,,,
20190304T154503,105.2,100,Auto trade,,,
20190304T154504,105.195,210,Auto trade,,,
20190304T154507,105.19,100,Auto trade,,,
20190304T154507,105.18,200,Auto trade,,,
20190304T154507,105.19,100,Auto trade,,,
20190304T154507,105.175,400,Auto trade,,,
20190304T154508,105.17,100,Auto trade,,,
20190304T154508,105.16,100,Auto trade,,,
20190304T154511,105.16,100,Auto trade,,,
20190304T154511,105.14,145,Auto trade,,,
20190304T154512,105.14,500,Auto trade,,,
20190304T154514,105.145,100,Auto trade,,,
20190304T154515,105.14,300,Auto trade,,,
20190304T154518,105.12,200,Auto trade,,,
20190304T154520,105.14,500,Auto trade,,,
20190304T154522,105.13,100,Auto trade,,,
20190304T154522,105.125,100,Auto trade,,,
20190304T154522,105.13,100,Auto trade,,,
20190304T154524,105.1375,121,Auto trade,,,
20190304T154525,105.12,100,Auto trade,,,
20190304T154526,105.12,470,Auto trade,,,
20190304T154527,105.12,300,Auto trade,,,
20190304T154527,105.1148,175,Auto trade,,,
20190304T154527,105.11,100,Auto trade,,,
20190304T154527,105.115,100,Auto trade,,,
20190304T154527,105.11,100,Auto trade,,,
20190304T154528,105.11,200,Auto trade,,,
20190304T154528,105.104,100,Auto trade,,,
20190304T154529,105.1075,100,Auto trade,,,
20190304T154529,105.105,200,Auto trade,,,
20190304T154529,105.1095,185,Auto trade,,,
20190304T154529,105.1,100,Auto trade,,,
20190304T154530,105.1,700,Auto trade,,,
20190304T154530,105.095,100,Auto trade,,,
20190304T154530,105.1,100,Auto trade,,,
20190304T154530,105.105,100,Auto trade,,,
20190304T154530,105.11,100,Auto trade,,,
20190304T154530,105.105,100,Auto trade,,,
20190304T154530,105.115,300,Auto trade,,,
20190304T154531,105.11,100,Auto trade,,,
20190304T154531,105.12,100,Auto trade,,,
20190304T154531,105.105,3000,Auto trade,,,
20190304T154531,105.13,300,Auto trade,,,
20190304T154531,105.135,300,Auto trade,,,
20190304T154531,105.13,100,Auto trade,,,
20190304T154532,105.13,100,Auto trade,,,
20190304T154534,105.135,400,Auto trade,,,
20190304T154534,105.13,100,Auto trade,,,
20190304T154536,105.135,200,Auto trade,,,
20190304T154536,105.14,300,Auto trade,,,
20190304T154537,105.13,400,Auto trade,,,
20190304T154538,105.1326,3000,Auto trade,,,
20190304T154540,105.1299,125,Auto trade,,,
20190304T154540,105.11,700,Auto trade,,,
20190304T154541,105.115,300,Auto trade,,,
20190304T154541,105.11,300,Auto trade,,,
20190304T154544,105.11,200,Auto trade,,,
20190304T154544,105.106,500,Auto trade,,,
20190304T154544,105.1,306,Auto trade,,,
20190304T154545,105.11,100,Auto trade,,,
20190304T154545,105.1,100,Auto trade,,,
20190304T154545,105.09,100,Auto trade,,,
20190304T154545,105.1,200,Auto trade,,,
20190304T154545,105.09,100,Auto trade,,,
20190304T154545,105.1,100,Auto trade,,,
20190304T154546,105.11,100,Auto trade,,,
20190304T154546,105.105,100,Auto trade,,,
20190304T154546,105.1,300,Auto trade,,,
20190304T154546,105.11,300,Auto trade,,,
20190304T154546,105.1,100,Auto trade,,,
20190304T154547,105.11,100,Auto trade,,,
20190304T154548,105.09,370,Auto trade,,,
20190304T154548,105.0959,500,Auto trade,,,
20190304T154549,105.0837,500,Auto trade,,,
20190304T154549,105.08,200,Auto trade,,,
20190304T154550,105.07,100,Auto trade,,,
20190304T154555,105.09,200,Auto trade,,,
20190304T154555,105.08,200,Auto trade,,,
20190304T154555,105.085,100,Auto trade,,,
20190304T154556,105.09,100,Auto trade,,,
20190304T154557,105.085,100,Auto trade,,,
20190304T154557,105.0888,1000,Auto trade,,,
20190304T154600,105.085,3000,Auto trade,,,
20190304T154601,105.1,200,Auto trade,,,
20190304T154601,105.085,200,Auto trade,,,
20190304T154601,105.09,100,Auto trade,,,
20190304T154601,105.1,100,Auto trade,,,
20190304T154601,105.095,100,Auto trade,,,
20190304T154601,105.1,100,Auto trade,,,
20190304T154602,105.09,100,Auto trade,,,
20190304T154602,105.085,100,Auto trade,,,
20190304T154606,105.09,100,Auto trade,,,
20190304T154606,105.085,200,Auto trade,,,
20190304T154606,105.09,100,Auto trade,,,
20190304T154607,105.09,200,Auto trade,,,
20190304T154607,105.08,100,Auto trade,,,
20190304T154607,105.095,100,Auto trade,,,
20190304T154609,105.09,100,Auto trade,,,
20190304T154610,105.09,100,Auto trade,,,
20190304T154610,105.085,100,Auto trade,,,
20190304T154611,105.1,100,Auto trade,,,
20190304T154613,105.095,100,Auto trade,,,
20190304T154615,105.1,100,Auto trade,,,
20190304T154615,105.095,100,Auto trade,,,
20190304T154615,105.1,100,Auto trade,,,
20190304T154615,105.095,100,Auto trade,,,
20190304T154615,105.1,100,Auto trade,,,
20190304T154615,105.095,100,Auto trade,,,
20190304T154615,105.1,100,Auto trade,,,
20190304T154615,105.095,100,Auto trade,,,
20190304T154615,105.105,300,Auto trade,,,
20190304T154615,105.095,100,Auto trade,,,
20190304T154615,105.1,100,Auto trade,,,
20190304T154615,105.09,100,Auto trade,,,
20190304T154616,105.0993,248,Auto trade,,,
20190304T154617,105.09,100,Auto trade,,,
20190304T154617,105.1,100,Auto trade,,,
20190304T154618,105.09,200,Auto trade,,,
20190304T154619,105.09,200,Auto trade,,,
20190304T154619,105.08,100,Auto trade,,,
20190304T154619,105.075,100,Auto trade,,,
20190304T154620,105.07,100,Auto trade,,,
20190304T154620,105.06,100,Auto trade,,,
20190304T154620,105.07,100,Auto trade,,,
20190304T154620,105.065,600,Auto trade,,,
20190304T154620,105.07,300,Auto trade,,,
20190304T154620,105.065,100,Auto trade,,,
20190304T154621,105.07,100,Auto trade,,,
20190304T154622,105.07,100,Auto trade,,,
20190304T154623,105.06,100,Auto trade,,,
20190304T154623,105.05,200,Auto trade,,,
20190304T154624,105.05,600,Auto trade,,,
20190304T154624,105.045,200,Auto trade,,,
20190304T154625,105.05,100,Auto trade,,,
20190304T154626,105.06,100,Auto trade,,,
20190304T154627,105.08,100,Auto trade,,,
20190304T154627,105.0758,325,Auto trade,,,
20190304T154627,105.0723,102,Auto trade,,,
20190304T154629,105.08,200,Auto trade,,,
20190304T154629,105.09,100,Auto trade,,,
20190304T154629,105.08,100,Auto trade,,,
20190304T154629,105.09,100,Auto trade,,,
20190304T154629,105.08,100,Auto trade,,,
20190304T154629,105.09,100,Auto trade,,,
20190304T154629,105.08,100,Auto trade,,,
20190304T154629,105.1,100,Auto trade,,,
20190304T154629,105.11,100,Auto trade,,,
20190304T154629,105.12,300,Auto trade,,,
20190304T154630,105.1279,100,Auto trade,,,
20190304T154631,105.125,2600,Auto trade,,,
20190304T154632,105.13,100,Auto trade,,,
20190304T154632,105.14,100,Auto trade,,,
20190304T154632,105.13,100,Auto trade,,,
20190304T154632,105.14,100,Auto trade,,,
20190304T154632,105.13,400,Auto trade,,,
20190304T154632,105.15,100,Auto trade,,,
20190304T154633,105.16,100,Auto trade,,,
20190304T154634,105.151,285,Auto trade,,,
20190304T154634,105.16,100,Auto trade,,,
20190304T154636,105.15,111,Auto trade,,,
20190304T154639,105.15,442,Auto trade,,,
20190304T154642,105.16,100,Auto trade,,,
20190304T154645,105.17,242,Auto trade,,,
20190304T154645,105.18,100,Auto trade,,,
20190304T154645,105.165,100,Auto trade,,,
20190304T154645,105.18,150,Auto trade,,,
20190304T154646,105.19,100,Auto trade,,,
20190304T154646,105.185,100,Auto trade,,,
20190304T154646,105.19,100,Auto trade,,,
20190304T154649,105.1986,285,Auto trade,,,
20190304T154653,105.19,100,Auto trade,,,
20190304T154655,105.195,100,Auto trade,,,
20190304T154656,105.19,199,Auto trade,,,
20190304T154656,105.18,200,Auto trade,,,
20190304T154656,105.19,100,Auto trade,,,
20190304T154656,105.185,101,Auto trade,,,
20190304T154657,105.1899,4810,Auto trade,,,
20190304T154657,105.19,900,Auto trade,,,
20190304T154657,105.185,100,Auto trade,,,
20190304T154657,105.19,300,Auto trade,,,
20190304T154659,105.18,200,Auto trade,,,
20190304T154659,105.19,100,Auto trade,,,
20190304T154659,105.18,100,Auto trade,,,
20190304T154700,105.175,100,Auto trade,,,
20190304T154702,105.175,250,Auto trade,,,
20190304T154702,105.17,200,Auto trade,,,
20190304T154702,105.175,400,Auto trade,,,
20190304T154702,105.17,400,Auto trade,,,
20190304T154705,105.17,330,Auto trade,,,
20190304T154705,105.18,100,Auto trade,,,
20190304T154707,105.18,300,Auto trade,,,
20190304T154707,105.17,100,Auto trade,,,
20190304T154708,105.165,100,Auto trade,,,
20190304T154710,105.165,100,Auto trade,,,
20190304T154711,105.16,131,Auto trade,,,
20190304T154712,105.16,100,Auto trade,,,
20190304T154712,105.15,341,Auto trade,,,
20190304T154712,105.145,200,Auto trade,,,
20190304T154712,105.14,100,Auto trade,,,
20190304T154713,105.15,100,Auto trade,,,
20190304T154713,105.16,100,Auto trade,,,
20190304T154714,105.16,200,Auto trade,,,
20190304T154716,105.15,200,Auto trade,,,
20190304T154717,105.11,100,Auto trade,,,
20190304T154719,105.11,100,Auto trade,,,
20190304T154721,105.14,180,Auto trade,,,
20190304T154721,105.1399,100,Auto trade,,,
20190304T154721,105.12,100,Auto trade,,,
20190304T154723,105.11,134,Auto trade,,,
20190304T154723,105.12,300,Auto trade,,,
20190304T154723,105.13,100,Auto trade,,,
20190304T154724,105.12,145,Auto trade,,,
20190304T154724,105.125,100,Auto trade,,,
20190304T154726,105.15,100,Auto trade,,,
20190304T154726,105.16,100,Auto trade,,,
20190304T154727,105.16,1000,Auto trade,,,
20190304T154727,105.15,100,Auto trade,,,
20190304T154728,105.15,300,Auto trade,,,
20190304T154730,105.1336,226,Auto trade,,,
20190304T154730,105.13,100,Auto trade,,,
20190304T154732,105.15,100,Auto trade,,,
20190304T154732,105.16,100,Auto trade,,,
20190304T154733,105.16,300,Auto trade,,,
20190304T154733,105.17,100,Auto trade,,,
20190304T154733,105.16,100,Auto trade,,,
20190304T154734,105.16,1000,Auto trade,,,
20190304T154735,105.16,100,Auto trade,,,
20190304T154735,105.15,200,Auto trade,,,
20190304T154736,105.16,100,Auto trade,,,
20190304T154740,105.15,100,Auto trade,,,
20190304T154745,105.1516,500,Auto trade,,,
20190304T154745,105.15,100,Auto trade,,,
20190304T154745,105.14,100,Auto trade,,,
20190304T154745,105.145,100,Auto trade,,,
20190304T154749,105.14,100,Auto trade,,,
20190304T154750,105.13,100,Auto trade,,,
20190304T154757,105.14,100,Auto trade,,,
20190304T154757,105.15,100,Auto trade,,,
20190304T154757,105.14,200,Auto trade,,,
20190304T154801,105.15,300,Auto trade,,,
20190304T154801,105.145,3000,Auto trade,,,
20190304T154801,105.14,100,Auto trade,,,
20190304T154802,105.135,100,Auto trade,,,
20190304T154802,105.14,100,Auto trade,,,
20190304T154802,105.135,100,Auto trade,,,
20190304T154802,105.14,100,Auto trade,,,
20190304T154802,105.135,100,Auto trade,,,
20190304T154802,105.14,100,Auto trade,,,
20190304T154802,105.135,100,Auto trade,,,
20190304T154804,105.135,100,Auto trade,,,
20190304T154804,105.13,100,Auto trade,,,
20190304T154804,105.12,470,Auto trade,,,
20190304T154807,105.09,100,Auto trade,,,
20190304T154808,105.0942,100,Auto trade,,,
20190304T154808,105.08,500,Auto trade,,,
20190304T154810,105.08,100,Auto trade,,,
20190304T154811,105.07,100,Auto trade,,,
20190304T154813,105.07,250,Auto trade,,,
20190304T154814,105.07,400,Auto trade,,,
20190304T154814,105.08,100,Auto trade,,,
20190304T154814,105.07,100,Auto trade,,,
20190304T154814,105.06,100,Auto trade,,,
20190304T154814,105.065,100,Auto trade,,,
20190304T154819,105.06,100,Auto trade,,,
20190304T154823,105.067,100,Auto trade,,,
20190304T154826,105.07,100,Auto trade,,,
20190304T154826,105.08,157,Auto trade,,,
20190304T154826,105.07,100,Auto trade,,,
20190304T154826,105.08,100,Auto trade,,,
20190304T154826,105.07,100,Auto trade,,,
20190304T154829,105.07,300,Auto trade,,,
20190304T154830,105.06,100,Auto trade,,,
20190304T154832,105.07,100,Auto trade,,,
20190304T154833,105.06,199,Auto trade,,,
20190304T154833,105.05,100,Auto trade,,,
20190304T154834,105.05,100,Auto trade,,,
20190304T154835,105.05,100,Auto trade,,,
20190304T154836,105.04,100,Auto trade,,,
20190304T154838,105.04,100,Auto trade,,,
20190304T154840,105.04,140,Auto trade,,,
20190304T154840,105.0345,200,Auto trade,,,
20190304T154840,105.03,1000,Auto trade,,,
20190304T154840,105.02,100,Auto trade,,,
20190304T154842,105.03,200,Auto trade,,,
20190304T154843,105.0253,100,Auto trade,,,
20190304T154843,105.02,200,Auto trade,,,
20190304T154847,105.03,100,Auto trade,,,
20190304T154847,105.02,100,Auto trade,,,
20190304T154848,105.035,100,Auto trade,,,
20190304T154851,105.03,200,Auto trade,,,
20190304T154851,105.02,200,Auto trade,,,
20190304T154851,105.01,100,Auto trade,,,
20190304T154853,105.01,200,Auto trade,,,
20190304T154854,105.01,100,Auto trade,,,
20190304T154854,105.02,100,Auto trade,,,
20190304T154855,105.03,130,Auto trade,,,
20190304T154856,105.03,100,Auto trade,,,
20190304T154900,105.03,200,Auto trade,,,
20190304T154900,105.034,173,Auto trade,,,
20190304T154901,105.03,100,Auto trade,,,
20190304T154902,105.03,970,Auto trade,,,
20190304T154903,105.02,100,Auto trade,,,
20190304T154906,105.0201,100,Auto trade,,,
20190304T154906,105.02,100,Auto trade,,,
20190304T154910,105.02,200,Auto trade,,,
20190304T154910,105.03,100,Auto trade,,,
20190304T154910,105.025,100,Auto trade,,,
20190304T154910,105.03,100,Auto trade,,,
20190304T154910,105.02,100,Auto trade,,,
20190304T154911,105.03,100,Auto trade,,,
20190304T154911,105.01,100,Auto trade,,,
20190304T154911,105.0,300,Auto trade,,,
20190304T154911,105.01,200,Auto trade,,,
20190304T154911,105.0,725,Auto trade,,,
20190304T154911,105.01,100,Auto trade,,,
20190304T154911,105.0,250,Auto trade,,,
20190304T154911,105.005,100,Auto trade,,,
20190304T154911,105.0,100,Auto trade,,,
20190304T154911,104.99,100,Auto trade,,,
20190304T154911,105.0,100,Auto trade,,,
20190304T154911,104.99,100,Auto trade,,,
20190304T154911,104.98,100,Auto trade,,,
20190304T154911,104.985,1500,Auto trade,,,
20190304T154911,104.98,100,Auto trade,,,
20190304T154911,104.985,2200,Auto trade,,,
20190304T154911,104.99,200,Auto trade,,,
20190304T154911,104.98,100,Auto trade,,,
20190304T154911,105.0,6140,Auto trade,,,
20190304T154911,104.98,200,Auto trade,,,
20190304T154911,104.99,100,Auto trade,,,
20190304T154911,104.985,1500,Auto trade,,,
20190304T154911,104.98,100,Auto trade,,,
20190304T154912,104.975,300,Auto trade,,,
20190304T154912,104.98,300,Auto trade,,,
20190304T154913,104.98,3689,Auto trade,,,
20190304T154914,104.99,100,Auto trade,,,
20190304T154916,105.0,154,Auto trade,,,
20190304T154916,105.01,100,Auto trade,,,
20190304T154917,105.01,300,Auto trade,,,
20190304T154918,105.02,100,Auto trade,,,
20190304T154923,105.02,300,Auto trade,,,
20190304T154923,105.01,100,Auto trade,,,
20190304T154923,105.0,200,Auto trade,,,
20190304T154924,105.0,100,Auto trade,,,
20190304T154926,105.005,1000,Auto trade,,,
20190304T154928,105.0,200,Auto trade,,,
20190304T154929,104.995,100,Auto trade,,,
20190304T154929,105.0,100,Auto trade,,,
20190304T154929,104.995,300,Auto trade,,,
20190304T154929,105.0,100,Auto trade,,,
20190304T154930,105.0,700,Auto trade,,,
20190304T154930,104.995,400,Auto trade,,,
20190304T154931,105.0,200,Auto trade,,,
20190304T154932,104.99,100,Auto trade,,,
20190304T154932,104.98,200,Auto trade,,,
20190304T154932,104.99,100,Auto trade,,,
20190304T154933,105.0,100,Auto trade,,,
20190304T154934,105.0,1100,Auto trade,,,
20190304T154935,105.0,100,Auto trade,,,
20190304T154935,104.99,100,Auto trade,,,
20190304T154937,104.99,100,Auto trade,,,
20190304T154938,104.995,200,Auto trade,,,
20190304T154939,104.9905,500,Auto trade,,,
20190304T154940,105.0,100,Auto trade,,,
20190304T154941,105.0015,500,Auto trade,,,
20190304T154942,105.0,200,Auto trade,,,
20190304T154943,104.995,100,Auto trade,,,
20190304T154944,104.99,100,Auto trade,,,
20190304T154944,104.985,200,Auto trade,,,
20190304T154944,104.98,100,Auto trade,,,
20190304T154947,104.98,400,Auto trade,,,
20190304T154947,104.9879,226,Auto trade,,,
20190304T154948,104.9809,100,Auto trade,,,
20190304T154949,104.9883,1000,Auto trade,,,
20190304T154949,104.99,100,Auto trade,,,
20190304T154951,105.01,100,Auto trade,,,
20190304T154951,105.02,200,Auto trade,,,
20190304T154951,105.025,200,Auto trade,,,
20190304T154951,105.0297,550,Auto trade,,,
20190304T154952,105.025,100,Auto trade,,,
20190304T154955,105.02,100,Auto trade,,,
20190304T154955,105.01,100,Auto trade,,,
20190304T154957,105.02,100,Auto trade,,,
20190304T154957,105.01,112,Auto trade,,,
20190304T154957,105.02,100,Auto trade,,,
20190304T154959,105.0,100,Auto trade,,,
20190304T154959,105.01,200,Auto trade,,,
20190304T155001,105.0099,250,Auto trade,,,
20190304T155001,105.0,100,Auto trade,,,
20190304T155003,104.993,100,Auto trade,,,
20190304T155003,105.0,100,Auto trade,,,
20190304T155003,105.01,100,Auto trade,,,
20190304T155004,105.02,100,Auto trade,,,
20190304T155005,105.02,2400,Auto trade,,,
20190304T155006,105.01,199,Auto trade,,,
20190304T155008,105.02,100,Auto trade,,,
20190304T155008,105.01,100,Auto trade,,,
20190304T155009,105.01,200,Auto trade,,,
20190304T155010,105.005,100,Auto trade,,,
20190304T155011,105.01,100,Auto trade,,,
20190304T155012,105.015,100,Auto trade,,,
20190304T155013,105.0165,100,Auto trade,,,
20190304T155015,105.02,100,Auto trade,,,
20190304T155015,105.025,100,Auto trade,,,
20190304T155018,105.02,100,Auto trade,,,
20190304T155021,105.02,700,Auto trade,,,
20190304T155023,105.0225,500,Auto trade,,,
20190304T155023,105.03,400,Auto trade,,,
20190304T155028,105.03,1600,Auto trade,,,
20190304T155029,105.025,100,Auto trade,,,
20190304T155029,105.03,100,Auto trade,,,
20190304T155029,105.04,100,Auto trade,,,
20190304T155029,105.05,300,Auto trade,,,
20190304T155029,105.06,104,Auto trade,,,
20190304T155030,105.07,100,Auto trade,,,
20190304T155030,105.08,100,Auto trade,,,
20190304T155030,105.07,100,Auto trade,,,
20190304T155030,105.075,200,Auto trade,,,
20190304T155030,105.07,100,Auto trade,,,
20190304T155033,105.08,100,Auto trade,,,
20190304T155037,105.08,400,Auto trade,,,
20190304T155038,105.09,100,Auto trade,,,
20190304T155044,105.09,600,Auto trade,,,
20190304T155044,105.095,200,Auto trade,,,
20190304T155045,105.09,300,Auto trade,,,
20190304T155045,105.08,100,Auto trade,,,
20190304T155046,105.08,3118,Auto trade,,,
20190304T155049,105.08,200,Auto trade,,,
20190304T155049,105.0999,495,Auto trade,,,
20190304T155050,105.0831,100,Auto trade,,,
20190304T155050,105.095,200,Auto trade,,,
20190304T155050,105.1,600,Auto trade,,,
20190304T155052,105.09,100,Auto trade,,,
20190304T155052,105.0859,1000,Auto trade,,,
20190304T155052,105.095,400,Auto trade,,,
20190304T155053,105.09,100,Auto trade,,,
20190304T155056,105.1,200,Auto trade,,,
20190304T155056,105.095,200,Auto trade,,,
20190304T155056,105.12,100,Auto trade,,,
20190304T155056,105.1,100,Auto trade,,,
20190304T155056,105.12,100,Auto trade,,,
20190304T155056,105.11,100,Auto trade,,,
20190304T155056,105.12,100,Auto trade,,,
20190304T155056,105.11,100,Auto trade,,,
20190304T155057,105.1,100,Auto trade,,,
20190304T155058,105.1,100,Auto trade,,,
20190304T155059,105.09,200,Auto trade,,,
20190304T155100,105.09,500,Auto trade,,,
20190304T155100,105.08,100,Auto trade,,,
20190304T155102,105.0883,187,Auto trade,,,
20190304T155103,105.08,100,Auto trade,,,
20190304T155103,105.06,100,Auto trade,,,
20190304T155103,105.04,100,Auto trade,,,
20190304T155104,105.03,100,Auto trade,,,
20190304T155105,105.03,100,Auto trade,,,
20190304T155108,105.05,100,Auto trade,,,
20190304T155109,105.05,300,Auto trade,,,
20190304T155117,105.08,100,Auto trade,,,
20190304T155127,105.09,100,Auto trade,,,
20190304T155128,105.11,137,Auto trade,,,
20190304T155128,105.12,100,Auto trade,,,
20190304T155129,105.11,400,Auto trade,,,
20190304T155130,105.11,100,Auto trade,,,
20190304T155130,105.1101,200,Auto trade,,,
20190304T155132,105.124,100,Auto trade,,,
20190304T155133,105.13,100,Auto trade,,,
20190304T155140,105.1379,402,Auto trade,,,
20190304T155140,105.14,100,Auto trade,,,
20190304T155143,105.15,100,Auto trade,,,
20190304T155147,105.145,100,Auto trade,,,
20190304T155147,105.14,100,Auto trade,,,
20190304T155147,105.135,400,Auto trade,,,
20190304T155147,105.1354,2200,Auto trade,,,
20190304T155147,105.135,400,Auto trade,,,
20190304T155149,105.14,100,Auto trade,,,
20190304T155149,105.15,100,Auto trade,,,
20190304T155149,105.16,100,Auto trade,,,
20190304T155149,105.17,625,Auto trade,,,
20190304T155149,105.16,100,Auto trade,,,
20190304T155151,105.15,100,Auto trade,,,
20190304T155152,105.15,100,Auto trade,,,
20190304T155153,105.16,100,Auto trade,,,
20190304T155154,105.17,250,Auto trade,,,
20190304T155154,105.19,100,Auto trade,,,
20190304T155156,105.19,262,Auto trade,,,
20190304T155156,105.2,100,Auto trade,,,
20190304T155156,105.19,100,Auto trade,,,
20190304T155156,105.2,400,Auto trade,,,
20190304T155157,105.21,100,Auto trade,,,
20190304T155159,105.22,100,Auto trade,,,
20190304T155159,105.2299,100,Auto trade,,,
20190304T155159,105.22,100,Auto trade,,,
20190304T155200,105.22,200,Auto trade,,,
20190304T155201,105.21,100,Auto trade,,,
20190304T155204,105.21,300,Auto trade,,,
20190304T155207,105.2378,150,Auto trade,,,
20190304T155209,105.225,100,Auto trade,,,
20190304T155209,105.22,100,Auto trade,,,
20190304T155210,105.21,100,Auto trade,,,
20190304T155211,105.215,134,Auto trade,,,
20190304T155212,105.215,100,Auto trade,,,
20190304T155212,105.22,100,Auto trade,,,
20190304T155212,105.23,161,Auto trade,,,
20190304T155218,105.2401,100,Auto trade,,,
20190304T155218,105.24,100,Auto trade,,,
20190304T155220,105.25,142,Auto trade,,,
20190304T155222,105.25,100,Auto trade,,,
20190304T155222,105.26,100,Auto trade,,,
20190304T155225,105.256,200,Auto trade,,,
20190304T155226,105.25,100,Auto trade,,,
20190304T155226,105.2501,100,Auto trade,,,
20190304T155226,105.25,114,Auto trade,,,
20190304T155227,105.245,100,Auto trade,,,
20190304T155233,105.24,500,Auto trade,,,
20190304T155236,105.24,1900,Auto trade,,,
20190304T155237,105.23,300,Auto trade,,,
20190304T155237,105.22,100,Auto trade,,,
20190304T155240,105.23,200,Auto trade,,,
20190304T155240,105.24,300,Auto trade,,,
20190304T155241,105.25,200,Auto trade,,,
20190304T155241,105.24,400,Auto trade,,,
20190304T155241,105.2302,100,Auto trade,,,
20190304T155242,105.25,200,Auto trade,,,
20190304T155243,105.25,1587,Auto trade,,,
20190304T155248,105.27,100,Auto trade,,,
20190304T155249,105.27,300,Auto trade,,,
20190304T155253,105.2713,500,Auto trade,,,
20190304T155254,105.27,100,Auto trade,,,
20190304T155254,105.265,100,Auto trade,,,
20190304T155255,105.27,100,Auto trade,,,
20190304T155258,105.27,100,Auto trade,,,
20190304T155300,105.27,600,Auto trade,,,
20190304T155302,105.27,700,Auto trade,,,
20190304T155302,105.263,100,Auto trade,,,
20190304T155305,105.2625,550,Auto trade,,,
20190304T155309,105.26,192,Auto trade,,,
20190304T155310,105.2648,1000,Auto trade,,,
20190304T155311,105.26,297,Auto trade,,,
20190304T155312,105.26,703,Auto trade,,,
20190304T155313,105.2632,100,Auto trade,,,
20190304T155317,105.281,400,Auto trade,,,
20190304T155320,105.28,100,Auto trade,,,
20190304T155320,105.2801,100,Auto trade,,,
20190304T155320,105.28,100,Auto trade,,,
20190304T155320,105.2801,100,Auto trade,,,
20190304T155320,105.28,100,Auto trade,,,
20190304T155321,105.28,777,Auto trade,,,
20190304T155321,105.29,100,Auto trade,,,
20190304T155321,105.3,300,Auto trade,,,
20190304T155323,105.3,100,Auto trade,,,
20190304T155323,105.302,800,Auto trade,,,
20190304T155329,105.31,100,Auto trade,,,
20190304T155329,105.32,1000,Auto trade,,,
20190304T155332,105.33,300,Auto trade,,,
20190304T155332,105.334,272,Auto trade,,,
20190304T155332,105.3399,200,Auto trade,,,
20190304T155332,105.34,100,Auto trade,,,
20190304T155332,105.326,900,Auto trade,,,
20190304T155332,105.33,100,Auto trade,,,
20190304T155333,105.32,200,Auto trade,,,
20190304T155334,105.3254,100,Auto trade,,,
20190304T155334,105.323,200,Auto trade,,,
20190304T155338,105.3226,1000,Auto trade,,,
20190304T155339,105.325,300,Auto trade,,,
20190304T155339,105.3242,100,Auto trade,,,
20190304T155342,105.33,100,Auto trade,,,
20190304T155345,105.33,200,Auto trade,,,
20190304T155346,105.33,300,Auto trade,,,
20190304T155346,105.335,5000,Auto trade,,,
20190304T155346,105.33,247,Auto trade,,,
20190304T155348,105.33,400,Auto trade,,,
20190304T155355,105.327,100,Auto trade,,,
20190304T155357,105.325,149,Auto trade,,,
20190304T155358,105.325,110,Auto trade,,,
20190304T155400,105.3285,100,Auto trade,,,
20190304T155402,105.32,100,Auto trade,,,
20190304T155409,105.33,356,Auto trade,,,
20190304T155409,105.34,500,Auto trade,,,
20190304T155409,105.35,100,Auto trade,,,
20190304T155410,105.36,100,Auto trade,,,
20190304T155410,105.35,100,Auto trade,,,
20190304T155410,105.36,100,Auto trade,,,
20190304T155410,105.35,300,Auto trade,,,
20190304T155411,105.36,100,Auto trade,,,
20190304T155413,105.37,100,Auto trade,,,
20190304T155416,105.37,200,Auto trade,,,
20190304T155416,105.361,100,Auto trade,,,
20190304T155416,105.37,100,Auto trade,,,
20190304T155416,105.36,100,Auto trade,,,
20190304T155416,105.3623,100,Auto trade,,,
20190304T155416,105.36,100,Auto trade,,,
20190304T155416,105.365,100,Auto trade,,,
20190304T155416,105.37,100,Auto trade,,,
20190304T155416,105.38,100,Auto trade,,,
20190304T155417,105.39,100,Auto trade,,,
20190304T155417,105.4,100,Auto trade,,,
20190304T155417,105.39,100,Auto trade,,,
20190304T155417,105.4,100,Auto trade,,,
20190304T155417,105.39,300,Auto trade,,,
20190304T155419,105.4,100,Auto trade,,,
20190304T155421,105.4,1500,Auto trade,,,
20190304T155422,105.4,1084,Auto trade,,,
20190304T155423,105.39,200,Auto trade,,,
20190304T155423,105.37,100,Auto trade,,,
20190304T155424,105.365,100,Auto trade,,,
20190304T155427,105.3651,600,Auto trade,,,
20190304T155428,105.365,400,Auto trade,,,
20190304T155429,105.37,100,Auto trade,,,
20190304T155429,105.365,200,Auto trade,,,
20190304T155434,105.36,190,Auto trade,,,
20190304T155434,105.35,100,Auto trade,,,
20190304T155434,105.355,800,Auto trade,,,
20190304T155438,105.3564,200,Auto trade,,,
20190304T155439,105.35,100,Auto trade,,,
20190304T155440,105.34,300,Auto trade,,,
20190304T155441,105.35,100,Auto trade,,,
20190304T155444,105.37,161,Auto trade,,,
20190304T155444,105.38,100,Auto trade,,,
20190304T155444,105.39,100,Auto trade,,,
20190304T155444,105.38,189,Auto trade,,,
20190304T155445,105.38,200,Auto trade,,,
20190304T155445,105.37,200,Auto trade,,,
20190304T155445,105.38,100,Auto trade,,,
20190304T155446,105.37,100,Auto trade,,,
20190304T155447,105.37,300,Auto trade,,,
20190304T155447,105.3653,103,Auto trade,,,
20190304T155448,105.36,100,Auto trade,,,
20190304T155449,105.36,200,Auto trade,,,
20190304T155450,105.36,200,Auto trade,,,
20190304T155451,105.35,382,Auto trade,,,
20190304T155451,105.345,100,Auto trade,,,
20190304T155453,105.34,100,Auto trade,,,
20190304T155453,105.33,100,Auto trade,,,
20190304T155454,105.33,100,Auto trade,,,
20190304T155455,105.33,400,Auto trade,,,
20190304T155456,105.3191,1000,Auto trade,,,
20190304T155456,105.3199,200,Auto trade,,,
20190304T155456,105.32,200,Auto trade,,,
20190304T155500,105.33,100,Auto trade,,,
20190304T155501,105.34,100,Auto trade,,,
20190304T155505,105.335,100,Auto trade,,,
20190304T155508,105.33,100,Auto trade,,,
20190304T155510,105.33,100,Auto trade,,,
20190304T155511,105.33,100,Auto trade,,,
20190304T155515,105.32,100,Auto trade,,,
20190304T155517,105.33,100,Auto trade,,,
20190304T155517,105.34,500,Auto trade,,,
20190304T155517,105.35,200,Auto trade,,,
20190304T155517,105.36,100,Auto trade,,,
20190304T155517,105.35,100,Auto trade,,,
20190304T155517,105.36,100,Auto trade,,,
20190304T155517,105.35,100,Auto trade,,,
20190304T155517,105.36,100,Auto trade,,,
20190304T155517,105.35,100,Auto trade,,,
20190304T155518,105.33,131,Auto trade,,,
20190304T155521,105.34,100,Auto trade,,,
20190304T155521,105.33,200,Auto trade,,,
20190304T155531,105.37,100,Auto trade,,,
20190304T155533,105.38,100,Auto trade,,,
20190304T155534,105.38,1300,Auto trade,,,
20190304T155535,105.37,298,Auto trade,,,
20190304T155536,105.37,218,Auto trade,,,
20190304T155537,105.376,100,Auto trade,,,
20190304T155537,105.38,100,Auto trade,,,
20190304T155540,105.3932,2094,Auto trade,,,
20190304T155541,105.395,200,Auto trade,,,
20190304T155541,105.4,100,Auto trade,,,
20190304T155542,105.41,200,Auto trade,,,
20190304T155542,105.415,100,Auto trade,,,
20190304T155542,105.41,194,Auto trade,,,
20190304T155543,105.405,200,Auto trade,,,
20190304T155543,105.41,100,Auto trade,,,
20190304T155544,105.4069,200,Auto trade,,,
20190304T155545,105.4,100,Auto trade,,,
20190304T155548,105.42,100,Auto trade,,,
20190304T155549,105.42,300,Auto trade,,,
20190304T155549,105.43,100,Auto trade,,,
20190304T155549,105.44,1300,Auto trade,,,
20190304T155550,105.44,900,Auto trade,,,
20190304T155550,105.45,100,Auto trade,,,
20190304T155550,105.44,450,Auto trade,,,
20190304T155550,105.45,200,Auto trade,,,
20190304T155550,105.46,250,Auto trade,,,
20190304T155550,105.45,100,Auto trade,,,
20190304T155550,105.44,100,Auto trade,,,
20190304T155550,105.45,200,Auto trade,,,
20190304T155551,105.44,100,Auto trade,,,
20190304T155552,105.44,100,Auto trade,,,
20190304T155553,105.44,200,Auto trade,,,
20190304T155554,105.43,100,Auto trade,,,
20190304T155554,105.4349,100,Auto trade,,,
20190304T155554,105.4249,1801,Auto trade,,,
20190304T155558,105.44,200,Auto trade,,,
20190304T155558,105.43,100,Auto trade,,,
20190304T155558,105.42,100,Auto trade,,,
20190304T155559,105.425,200,Auto trade,,,
20190304T155559,105.42,100,Auto trade,,,
20190304T155600,105.42,1200,Auto trade,,,
20190304T155603,105.4277,200,Auto trade,,,
20190304T155603,105.42,100,Auto trade,,,
20190304T155604,105.43,300,Auto trade,,,
20190304T155604,105.44,100,Auto trade,,,
20190304T155605,105.45,1300,Auto trade,,,
20190304T155606,105.45,100,Auto trade,,,
20190304T155607,105.45,500,Auto trade,,,
20190304T155607,105.44,140,Auto trade,,,
20190304T155607,105.45,400,Auto trade,,,
20190304T155607,105.46,100,Auto trade,,,
20190304T155607,105.45,100,Auto trade,,,
20190304T155607,105.46,100,Auto trade,,,
20190304T155607,105.45,100,Auto trade,,,
20190304T155607,105.46,200,Auto trade,,,
20190304T155607,105.45,100,Auto trade,,,
20190304T155607,105.46,100,Auto trade,,,
20190304T155607,105.45,100,Auto trade,,,
20190304T155608,105.46,100,Auto trade,,,
20190304T155608,105.45,200,Auto trade,,,
20190304T155609,105.46,1551,Auto trade,,,
20190304T155610,105.48,500,Auto trade,,,
20190304T155612,105.47,100,Auto trade,,,
20190304T155612,105.48,300,Auto trade,,,
20190304T155613,105.48,600,Auto trade,,,
20190304T155616,105.49,134,Auto trade,,,
20190304T155616,105.5,200,Auto trade,,,
20190304T155617,105.5,2038,Auto trade,,,
20190304T155618,105.5026,334,Auto trade,,,
20190304T155619,105.51,105,Auto trade,,,
20190304T155622,105.51,713,Auto trade,,,
20190304T155622,105.52,100,Auto trade,,,
20190304T155622,105.51,100,Auto trade,,,
20190304T155622,105.52,478,Auto trade,,,
20190304T155622,105.53,100,Auto trade,,,
20190304T155622,105.52,200,Auto trade,,,
